4295 5410
1975 653 2064 728 27

633 838 720 882 ex
758 827 933 903 parte
971 815 1256 884 orientali
1295 839 1494 902 usque
1532 828 1760 882 terram
1801 815 2014 882 Sancti
2043 813 2303 880 Patricii
2334 812 2579 880 Dublin
2612 850 2625 864 ·
2655 810 2973 880 habendas
3011 825 3076 877 et
3111 812 3409 878 tenendas

635 919 830 985 dictas
851 933 1042 986 terras
1069 944 1214 986 cum
1244 945 1458 986 earum
1486 919 1888 1012 pertinenciis
1917 919 2207 985 omnibus
2236 917 2355 984 sibi
2384 931 2449 984 et
2476 919 2925 986 successoribus
2954 918 3081 984 suis
3108 919 3187 984 de
3214 943 3317 986 me
3346 932 3411 984 et

633 1029 970 1096 heredibus
999 1029 1153 1094 meis
1182 1029 1375 1094 libere
1405 1042 1470 1094 et
1498 1027 1708 1114 quiete
1737 1026 1980 1114 integre
2009 1039 2075 1091 et
2103 1023 2398 1112 plenarie.

761 1135 1110 1202 Reddendo
1155 1135 1305 1201 inde
1349 1135 1471 1222 ipsi
1517 1148 1583 1200 et
1619 1157 1994 1200 successores
2045 1133 2141 1198 sui
2180 1131 2339 1196 mihi
2390 1143 2454 1198 et
2486 1131 2820 1197 heredibus
2868 1131 3025 1197 meis
3068 1155 3267 1196 unum
3296 1155 3407 1218 par

635 1243 914 1309 albarum
972 1244 1444 1331 cyrothecarum
1490 1244 1594 1309 vel
1643 1266 1842 1307 unum
1888 1241 2214 1308 denarium
2259 1239 2341 1304 ad
2379 1240 2573 1304 Pasca
2614 1277 2627 1289 ·
2670 1251 2734 1303 et
2771 1237 3104 1303 heredibus
3144 1237 3407 1302 Henrici

635 1348 974 1437 Dubelday
1019 1374 1135 1414 sex
1177 1351 1460 1416 denarios
1506 1350 1747 1439 argenti
1799 1349 1880 1416 ad
1909 1351 2064 1415 duos
2109 1347 2407 1414 terminos
2453 1347 2600 1412 anni
2634 1385 2646 1398 ·
2678 1346 2974 1412 videlicet
3010 1345 3407 1410 medietatem

635 1456 715 1521 ad
742 1455 969 1521 festum
1003 1455 1217 1521 Sancti
1247 1456 1576 1522 Michaelis
1605 1470 1670 1522 et
1698 1456 1882 1522 aliam
1911 1455 2313 1521 medietatem
2341 1454 2421 1520 ad
2450 1454 2674 1518 festum
2705 1453 2944 1517 Pasche
2974 1476 3086 1540 pro
3116 1450 3405 1517 omnibus

635 1561 957 1627 demandis
999 1575 1064 1628 et
1091 1563 1333 1628 cunctis
1370 1565 1572 1630 rebus.
1635 1563 1777 1651 Ego
1805 1588 1955 1629 vero
1984 1563 2407 1651 Baldewynus
2450 1575 2515 1628 et
2540 1562 2799 1628 heredes
2836 1561 2964 1627 mei
2994 1561 3190 1628 dictas
3219 1576 3407 1628 terras

632 1669 886 1757 prefatis
931 1670 1244 1737 canonicis
1302 1685 1366 1736 et
1411 1693 1626 1737 eorum
1685 1671 2135 1739 successoribus
2194 1683 2408 1737 contra
2458 1694 2671 1735 omnes
2714 1669 2999 1734 homines
3046 1680 3111 1734 et
3151 1668 3409 1733 feminas

631 1775 910 1862 plenarie
947 1775 1485 1842 warentizabimus
1513 1776 1582 1841 in
1609 1790 2000 1864 perpetuum.
2090 1777 2185 1844 Ut
2230 1789 2438 1842 autem
2466 1775 2584 1842 hec
2622 1798 2762 1840 mea
2792 1773 3053 1842 donacio
3083 1788 3149 1840 et
3183 1773 3405 1840 confir-

633 1879 834 1946 macio
863 1881 1042 1947 firma
1091 1894 1156 1948 et
1201 1880 1438 1948 stabilis
1483 1894 1842 1968 permaneat
1867 1882 1938 1945 in
1975 1893 2347 1968 perpetuum
2390 1891 2741 1967 presentem
2786 1892 3020 1944 cartam
3063 1877 3255 1967 sigilli
3284 1879 3409 1944 mei

632 1985 1032 2076 impressione
1055 1985 1363 2052 roboravi.
1438 1985 1583 2050 Hiis
1610 1985 1871 2052 testibus
1896 2024 1908 2037 ·
1937 1984 2207 2051 Ricardo
2239 1984 2399 2050 Olof
2416 1999 2567 2052 tunc
2594 1986 2827 2070 majore
2852 1985 3097 2051 Dublin
3122 2024 3135 2036 -
3162 1985 3411 2051 Thoma

636 2091 714 2156 de
743 2090 1188 2178 Wynchestria
1220 2129 1233 2142 ·
1267 2092 1516 2179 Rogero
1545 2091 1624 2156 de
1651 2090 2006 2157 Asseborne
2037 2103 2189 2157 tunc
2218 2091 2545 2178 prepositis
2571 2129 2584 2142 ·
2611 2091 2757 2156 Elia
2773 2090 2966 2159 Burel
2987 2129 3000 2142 ·
3022 2089 3321 2179 Philippo
3350 2091 3411 2158 le

634 2193 752 2260 Bel
784 2231 798 2244 ·
831 2193 1167 2282 Radulpho
1197 2193 1276 2258 de
1306 2191 1636 2259 Lincolnia
1665 2231 1679 2244 ·
1713 2194 1901 2260 Petro
1928 2195 2211 2262 Abraam
2242 2230 2257 2248 ·
2290 2193 2615 2262 Willelmo
2664 2195 2889 2262 clerico
2934 2195 3206 2262 civitatis
3239 2235 3252 2248 ·
3284 2197 3409 2264 Ra-

636 2301 874 2390 dulpho
905 2302 982 2368 de
1015 2301 1276 2392 Strigoil
1303 2315 1368 2368 et
1395 2301 1608 2368 multis
1637 2301 1790 2368 aliis.

1908 2553 2128 2624 XXI.

639 2734 996 2809 OEnutorhis
1049 2738 1215 2811 satta
1268 2738 1423 2813 cirta
1479 2739 1753 2813 neumas
1803 2738 2153 2815 molturam
2164 2734 2371 2837 [tum]
2412 2738 2629 2828 33:215
2680 2738 2947 2813 siturum
2997 2738 3121 2811 sub
3154 2736 3408 2812 castello

635 2855 907 2933 Dublin
937 2876 1078 2933 tum
1113 2871 1326 2935 atton
1360 2861 1609 2948 aesntti
1640 2863 1915 2939 Quum.

829 3044 1108 3115 Niversis
1155 3060 1364 3115 sancte
1403 3048 1616 3117 matris
1655 3050 1913 3117 ecclesie
1940 3049 2088 3117 filiis
2115 3060 2429 3137 presentes
2456 3046 2666 3113 literas
2694 3047 2920 3113 visuris
2957 3045 3062 3113 vel
3090 3046 3409 3113 audituris,

858 3151 1040 3216 Prior
1085 3163 1149 3215 et
1193 3164 1536 3217 conventus
1567 3152 1872 3219 Omnium
1915 3153 2289 3221 Sanctorum
2324 3155 2519 3241 juxta
2568 3154 2813 3222 Dublin
2860 3167 2925 3219 et
2969 3154 3282 3219 Hem-icus
3333 3154 3411 3222 de

637 3256 991 3347 Wygornia
1018 3270 1220 3322 rector
1248 3257 1504 3324 ecclesie
1538 3258 1754 3327 Sancti
1774 3261 2032 3327 Andree
2054 3262 2247 3347 juxta
2276 3263 2520 3331 Dublin
2542 3263 2804 3329 salutem
2832 3262 2900 3326 in
2922 3260 3194 3328 domin0.
3281 3262 3344 3326 N
3345 3286 3411 3326 o-

637 3363 798 3430 verit
825 3361 1195 3427 universitas
1223 3375 1428 3427 vestra
1455 3362 1633 3428 litem
1654 3378 1888 3429 motam
1915 3364 2080 3431 inter
2106 3389 2221 3431 nos
2249 3391 2457 3434 coram
2474 3368 2769 3455 magistro
2800 3366 3077 3455 Hugone
3108 3366 3411 3433 archidia-

636 3495 794 3537 cono
826 3469 1314 3558 Glyndalacensi
1352 3472 1602 3539 officiali
1633 3473 1872 3538 domini
1901 3474 2146 3540 Dublin
2194 3474 2431 3561 [Luce]
2466 3474 2913 3562 archiepiscopi
2943 3473 3187 3540 Dublin
3232 3496 3415 3561 super

639 3575 895 3641 decimis
924 3598 1234 3640 novorum
1281 3576 1784 3642 molendinorum
1823 3577 2062 3643 domini
2093 3578 2287 3666 Regis
2334 3577 2593 3647 sitorum
2632 3580 2748 3644 sub
2794 3577 3046 3643 castello
3074 3577 3320 3643 Dublin
3347 3578 3417 3646 in

635 3680 804 3747 hunc
833 3680 1093 3744 modum
1122 3679 1436 3745 amicabili
1474 3680 1929 3768 composicione
1959 3682 2388 3768 conquievisse
2421 3722 2433 3734 ·
2466 3683 2763 3749 videlicet
2792 3682 2963 3769 quod
2993 3682 3233 3748 decime
3270 3706 3412 3771 pro-

637 3785 956 3851 venientes
986 3808 1072 3849 ex
1100 3783 1396 3871 predictis
1425 3783 1798 3849 molendinis
1819 3785 1985 3850 inter
2009 3810 2123 3850 nos
2152 3785 2455 3871 equaliter
2476 3787 2838 3853 dividantur
2864 3788 3046 3855 nobis
3068 3789 3171 3854 vel
3191 3814 3413 3878 procu-

638 3893 942 3959 ratoribus
971 3891 1196 3957 nostris
1228 3891 1300 3955 in
1329 3892 1639 3958 divisione
1668 3892 1956 3959 facienda
1981 3893 2389 3983 presentibus.

767 4000 862 4067 Ut
891 4014 1100 4064 autem
1120 3999 1238 4064 hec
1267 4000 1642 4087 composicio
1665 4000 2006 4067 amicabilis
2027 4000 2097 4066 in
2117 4015 2491 4089 perpetuum
2513 4000 2594 4065 sit
2613 3999 2881 4066 valitura
2908 4000 3225 4087 corporale
3246 4024 3413 4088 pres-

638 4108 879 4175 titimus
925 4120 1377 4175 sacramentum
1423 4120 1488 4173 et
1531 4107 2020 4173 nichilhominus
2065 4108 2502 4195 supposuimus
2552 4130 2666 4172 nos
2704 4107 3128 4193 jurisdictioni
3174 4107 3414 4172 domini

641 4217 884 4285 Dublin
921 4216 1369 4305 archiepiscopi
1399 4216 1510 4302 qui
1538 4240 1652 4304 pro
1690 4229 1968 4305 tempore
1995 4216 2188 4282 fuerit
2225 4230 2298 4283 ut
2334 4240 2447 4281 nos
2484 4216 2565 4281 ad
2592 4214 3095 4282 observacionem
3138 4214 3417 4302 predicte

639 4322 1109 4411 composicionis
1139 4321 1271 4388 sine
1301 4320 1512 4407 aliquo
1541 4318 1804 4408 strepitu
1815 4318 2106 4405 judiciali
2128 4318 2477 4407 compellat.
2524 4318 2987 4387 Renunciantes
3008 4317 3078 4383 in
3093 4317 3215 4382 hoc
3244 4315 3416 4383 omni

638 4429 1050 4521 appellacioni
1078 4430 1250 4496 omni
1279 4428 1671 4497 cavillacioni
1700 4442 1766 4495 et
1793 4427 1966 4495 omni
1985 4426 2149 4514 juris
2188 4440 2316 4493 tam
2346 4424 2549 4493 civilis
2594 4450 2783 4514 quam
2812 4423 3097 4493 canonici
3140 4421 3417 4489 remedio

1959 4536 2018 4600 E
2052 4540 2091 4601 2
3350 4529 3419 4593 in
