4295 5410
2269 619 2359 688 26

919 821 1126 864 sorum
1149 821 1428 862 meorum
1457 797 1527 862 in
1554 821 1775 886 puram
1805 811 1870 863 et
1896 811 2262 887 perpetuam
2293 798 2693 864 elemosinam
2724 797 3036 884 quandam
3066 809 3295 863 terram
3322 821 3527 864 meam
3556 823 3701 865 cum

915 901 1316 990 pertinenciis
1361 902 1429 967 in
1475 901 1774 968 suburbio
1813 903 2060 968 Dublin
2103 942 2115 954 ·
2158 903 2396 970 scilicet
2433 901 2503 968 in
2535 903 2981 992 Thengmotha
3028 903 3096 969 in
3156 904 3453 993 parochia
3492 906 3705 974 Sancti

918 1010 1176 1076 Andree
1206 1011 1284 1076 de
1308 1010 1752 1099 Thengmothe
1787 1048 1799 1061 ·
1830 1010 2003 1076 illam
2032 1011 2331 1077 videlicet
2352 1036 2474 1098 que
2487 1012 2658 1098 jacet
2684 1012 2849 1077 inter
2877 1023 3105 1076 terram
3134 1011 3277 1076 Elie
3317 1011 3587 1078 scissoris
3616 1037 3699 1078 ex

921 1133 1094 1208 parte
1117 1119 1487 1186 occidentali
1517 1133 1582 1185 et
1610 1119 1901 1185 extendit
1921 1143 1986 1185 se
2009 1122 2207 1205 usq'ue
2230 1120 2311 1185 ad
2334 1119 2503 1185 viam
2530 1119 2803 1208 regalem
2834 1143 2919 1184 ex
2948 1133 3121 1207 parte
3145 1118 3430 1184 orientali
3459 1133 3524 1184 et
3552 1143 3699 1184 con-

921 1225 1083 1291 tinet
1103 1225 1174 1290 in
1194 1225 1527 1292 latitudine
1549 1227 1877 1314 sexaginta
1904 1240 1968 1292 et
1990 1227 2363 1313 quindecem
2386 1227 2577 1316 pedes
2604 1239 2669 1293 et
2695 1227 2765 1291 in
2786 1225 3183 1314 longitudine
3210 1223 3445 1312 sepcies
3472 1223 3701 1312 viginti

919 1329 1109 1418 pedes
1142 1370 1155 1381 ·
1187 1331 1539 1397 habendam
1579 1346 1644 1398 et
1681 1333 2016 1399 tenendam
2046 1334 2283 1401 dictam
2310 1347 2539 1401 terram
2569 1334 2753 1401 dictis
2798 1331 3113 1400 canonicis
3158 1344 3223 1396 et
3249 1330 3701 1396 successoribus

916 1435 1041 1500 suis
1080 1434 1150 1499 in
1196 1459 1418 1523 puram
1463 1449 1528 1501 et
1571 1448 1938 1524 perpetuam
1985 1435 2388 1503 elemosinam
2435 1436 2645 1523 quiete
2699 1436 2943 1524 integre
2989 1433 3267 1523 plenarie
3313 1435 3475 1499 bene
3520 1445 3586 1498 et
3628 1433 3697 1498 in

918 1565 1088 1629 pace.
1178 1540 1526 1606 Reddendo
1556 1539 1706 1607 inde
1751 1541 2073 1608 annuatim
2107 1542 2372 1631 Symoni
2403 1543 2579 1632 King
2607 1542 2739 1608 filio
2767 1543 3038 1609 Walteri
3069 1541 3245 1632 King
3273 1556 3337 1608 et
3364 1543 3696 1610 heredibus

915 1647 1041 1712 suis
1069 1646 1173 1711 vel
1212 1645 1534 1734 assignatis
1562 1646 1684 1734 ipsi
1730 1659 1795 1711 et
1839 1670 2215 1713 successores
2254 1649 2349 1713 sui
2388 1673 2585 1712 unum
2633 1672 2745 1736 par
2786 1647 3068 1715 albarum
3113 1648 3585 1736 cyrothecarum
3614 1647 3693 1714 de

919 1751 1120 1839 pretio
1168 1750 1354 1816 unius
1384 1749 1622 1816 denarii
1669 1750 1773 1816 vel
1817 1774 2016 1815 unum
2046 1749 2374 1817 denarium
2421 1751 2500 1816 ad
2528 1749 2753 1818 Natale
2782 1751 3044 1817 Domini
3073 1775 3185 1840 pro
3232 1752 3404 1817 omni
3432 1751 3695 1819 servicio

917 1857 1178 1925 seculari
1215 1858 1544 1924 exactione
1590 1869 1656 1924 et
1699 1857 2024 1924 demanda.
2115 1857 2204 1924 Et
2248 1883 2367 1948 ego
2404 1859 2447 1924 J
2450 1859 2726 1925 ohannes
2770 1875 2835 1926 et
2876 1859 3137 1926 heredes
3183 1859 3309 1924 mei
3348 1857 3693 1947 predictam

915 1976 1143 2029 terram
1171 1963 1467 2051 predictis
1495 1963 1808 2031 canonicis
1837 1978 1901 2030 et
1921 1965 2047 2031 suis
2076 1966 2530 2032 successoribus
2559 1979 2774 2033 contra
2802 1991 3015 2032 omnes
3035 1965 3321 2031 homines
3348 1979 3414 2030 et
3434 1963 3693 2030 feminas

915 2071 983 2136 in
1011 2085 1386 2160 perpetuum
1413 2071 1970 2138 warentizabimuS.
2059 2071 2149 2136 Et
2177 2084 2251 2137 ut
2277 2071 2396 2137 hec
2435 2095 2576 2137 mea
2604 2070 2866 2136 donacio
2904 2069 3216 2137 concessio
3253 2083 3318 2136 et
3344 2083 3510 2135 carte
3552 2092 3691 2134 mee

913 2177 1309 2244 confirmacio
1359 2178 1550 2244 robur
1596 2193 1899 2267 perpetue
1942 2178 2255 2245 firmitatis
2299 2178 2623 2245 obtineant
2664 2189 3015 2266 presentem
3059 2190 3291 2243 cartam
3338 2173 3528 2263 sigilli
3564 2174 3693 2239 mei

911 2283 1311 2372 impressione
1340 2283 1646 2350 roboravi.
1693 2283 1840 2350 Hiis
1861 2283 2122 2351 testibus
2145 2323 2158 2334 -
2179 2283 2368 2349 Petro
2386 2284 2665 2349 Abraam
2686 2297 2837 2349 tunc
2858 2281 3091 2369 majore
3110 2281 3353 2348 Dublin
3376 2319 3389 2332 ·
3414 2279 3688 2368 Symone

913 2391 1167 2458 Unrede
1201 2431 1213 2442 -
1247 2391 1496 2455 Thoma
1523 2389 1856 2478 Wyenche
1879 2403 2030 2456 tunc
2059 2388 2389 2478 prepositis
2422 2427 2435 2439 ·
2466 2387 2790 2454 Willelmo
2821 2388 2899 2453 de
2923 2386 3164 2453 Cestria
3196 2424 3208 2437 ·
3240 2383 3577 2473 Radulpho
3608 2383 3686 2450 dc

909 2497 1220 2587 Wykinlo
1255 2536 1268 2549 ·
1301 2495 1641 2585 Radulpho
1671 2497 1749 2562 de
1780 2496 2112 2562 Lincolnia
2139 2510 2204 2562 et
2230 2494 2446 2561 multis
2477 2493 2630 2561 aliis.

2202 2800 2383 2874 XX.

1953 2990 2043 3063 111
2077 2990 2286 3061 tantm
2320 2988 2628 3080 parochia.

1041 3148 1230 3213 Ciant
1256 3160 1571 3235 presentes
1609 3160 1674 3213 et
1701 3147 1898 3214 futuri
1927 3150 2098 3235 quod
2125 3174 2245 3239 ego
2275 3150 2696 3239 Baldewynus
2726 3148 2967 3215 Gerran
2996 3147 3144 3213 dedi
3174 3146 3447 3213 concessi
3475 3161 3540 3213 et
3565 3146 3684 3213 hac

1082 3254 1353 3343 presenti
1401 3268 1568 3320 carta
1612 3278 1753 3321 mea
1798 3256 2164 3322 confirmavi
2202 3256 2342 3322 Deo
2392 3268 2457 3321 et
2494 3255 2710 3320 domui
2746 3254 3053 3320 Omnium
3090 3252 3461 3319 Sanctorum
3493 3252 3685 3338 juxta

911 3361 1157 3428 Dublin
1195 3375 1260 3427 et
1287 3361 1601 3426 canonicis
1639 3360 1878 3428 ibidem
1907 3363 2047 3429 Deo
2077 3361 2492 3429 servientibus
2525 3400 2537 3413 ·
2569 3385 2683 3450 pro
2712 3361 2909 3426 salute
2939 3359 3145 3425 anime
3167 3383 3305 3425 mee
3326 3358 3395 3423 in
3423 3359 3683 3424 liberam

907 3480 971 3533 et
998 3478 1363 3553 perpetuam
1385 3464 1783 3531 elemosinam
1807 3466 2119 3552 quandam
2142 3478 2369 3531 terram
2391 3489 2597 3531 meam
2618 3465 2687 3529 in
2714 3465 3013 3531 suburbio
3032 3464 3276 3530 Dublin
3296 3464 3366 3528 in
3393 3462 3687 3551 parochia

913 3570 1128 3637 Sancti
1155 3569 1416 3635 Andree
1450 3607 1462 3621 ·
1493 3569 1668 3635 illam
1696 3570 1993 3636 videlicet
2020 3594 2143 3656 que
2165 3570 2337 3655 jacet
2372 3569 2539 3636 inter
2576 3584 2803 3636 terram
2849 3594 2971 3656 que
2999 3568 3122 3635 fuit
3148 3570 3417 3635 Walteri
3444 3570 3681 3635 molen-

911 3676 1139 3743 dinarii
1169 3700 1255 3741 ex
1282 3699 1410 3740 una
1437 3687 1612 3762 parte
1641 3687 1706 3739 et
1732 3674 2006 3763 regalem
2034 3673 2206 3739 viam
2235 3697 2319 3740 ex
2348 3686 2523 3761 parte
2555 3672 2838 3739 orientali
2867 3698 2952 3738 ex
2974 3673 3165 3739 altera
3189 3687 3365 3761 parte
3395 3685 3459 3738 et
3485 3673 3682 3739 conti-

907 3795 1018 3849 net
1037 3782 1168 3867 [in]
1193 3781 1395 3846 fronte
1424 3804 1638 3847 versus
1665 3780 1878 3847 vicum
1907 3804 1992 3846 ex
2019 3793 2196 3868 parte
2224 3778 2595 3847 occidentali
2624 3779 2950 3869 sexaginta
2976 3779 3166 3868 pedes
3193 3817 3205 3830 ·
3228 3793 3392 3844 retro
3420 3802 3568 3844 vero
3598 3800 3683 3842 ex

908 3904 1082 3978 parte
1112 3885 1363 3952 australi
1390 3884 1653 3950 totidem
1682 3884 1872 3973 pedes
1916 3896 1982 3951 et
2017 3884 2309 3951 extendit
2336 3910 2401 3951 se
2440 3884 2510 3950 in
2537 3885 2931 3974 longitudine
2962 3910 2999 3951 a
3026 3886 3195 3951 dicto
3224 3885 3365 3950 vico
3392 3908 3479 3951 ex
3506 3898 3682 3972 parte

909 3990 1279 4061 occidentali
1309 4002 1526 4076 quater
1554 3989 1784 4077 viginti
1812 4002 1877 4055 et
1906 3988 2122 4053 decem
2152 3989 2360 4076 pedes.

1039 4096 1334 4165 Concessi
1363 4096 1561 4161 eciam
1588 4094 1884 4183 predictis
1914 4094 2128 4159 domui
2158 4108 2224 4161 et
2243 4096 2556 4161 canonicis
2578 4096 2890 4181 quandam
2918 4095 3103 4163 aliam
3124 4108 3349 4162 ten-am
3371 4120 3493 4182 que
3512 4096 3684 4181 jacet

900 4198 1093 4291 juxta
1113 4204 1288 4269 illam
1314 4201 1808 4291 prenominatam
1837 4226 1922 4269 ex
1948 4226 2078 4269 una
2103 4216 2280 4291 parte
2308 4216 2373 4270 et
2398 4217 2627 4270 terram
2649 4226 2771 4290 que
2798 4202 2920 4269 fuit
2937 4203 3177 4271 Abbod
3202 4202 3283 4271 de
3314 4204 3569 4269 Lodene
3598 4226 3686 4269 ex

909 4314 1100 4379 altera
1137 4324 1201 4377 et
1225 4310 1509 4376 continet
1543 4309 1614 4374 in
1651 4308 1855 4377 fronte
1883 4334 2096 4377 versus
2123 4312 2336 4377 vicum
2364 4336 2451 4377 ex
2477 4325 2652 4400 parte
2694 4310 2979 4377 orientali
3008 4310 3418 4399 quadraginta
3445 4310 3635 4398 pedes
3668 4348 3684 4360 ·

910 4430 1072 4483 retro
1111 4440 1260 4481 vero
1289 4415 1548 4505 triginta
1589 4429 1654 4481 et
1682 4416 1959 4505 quinque
1989 4418 2181 4506 pedes
2226 4431 2291 4485 et
2334 4418 2625 4486 extendit
2650 4442 2716 4486 se
2741 4418 2807 4484 in
2836 4418 3230 4507 longitudine
3277 4442 3314 4485 a
3341 4418 3512 4485 dicto
3540 4418 3679 4483 vico

3592 4548 3676 4591 ex
