4295 5410
2205 602 2297 694 76

1001 784 1142 873 Ego
1170 806 1319 849 vero
1347 792 1412 849 et
1438 780 1696 847 heredes
1722 780 1849 845 mei
1879 780 2062 848 dictis
2091 780 2297 846 Priori
2324 794 2389 847 et
2416 783 2753 849 conventui
2782 783 2885 849 vel
2914 806 3129 849 eorum
3158 780 3480 869 assignatis
3508 779 3637 844 dic-

873 904 1002 957 tam
1023 904 1250 956 terram
1278 912 1423 954 cum
1451 885 1851 975 pertinenciis
1879 898 2094 953 contra
2123 908 2337 951 omnes
2357 900 2573 975 gentes
2591 886 2992 953 defendemus
3022 901 3087 953 et
3108 885 3643 953 warentizabimus

873 998 938 1062 in
968 1011 1340 1086 perpetuum
1367 1020 1479 1083 per
1507 994 1859 1083 predictum
1887 993 2237 1059 servicium.

1001 1103 1090 1167 Et
1134 1117 1206 1166 ut
1249 1102 1368 1167 hec
1418 1124 1558 1166 mea
1594 1098 1856 1164 donacio
1903 1097 2216 1163 concessio
2262 1109 2328 1162 et
2370 1109 2539 1163 carte
2584 1097 2980 1163 confirmacio
3008 1109 3308 1186 perpetue
3334 1094 3644 1161 firmitatis

873 1210 1063 1275 robur
1092 1209 1414 1295 optineant
1441 1220 1790 1295 presentem
1817 1218 2048 1271 cartam
2077 1204 2270 1293 sigilli
2298 1204 2423 1270 mei
2452 1205 2799 1270 munimine
2826 1205 3131 1271 roboravi.
3178 1203 3324 1268 Hiis
3344 1202 3605 1268 testibus
3632 1240 3644 1251 ·

878 1314 1145 1379 dominis
1175 1313 1452 1401 Hugone
1484 1312 1702 1400 Tyrell
1735 1350 1748 1361 ·
1781 1310 2067 1377 Galfrido
2097 1311 2177 1376 de
2207 1310 2511 1398 Appelby
2543 1349 2556 1362 ·
2589 1311 2859 1377 Ricardo
2882 1310 2959 1375 de
2988 1310 3313 1375 Wdetoun
3347 1347 3360 1359 ·
3392 1308 3541 1372 Ada
3568 1305 3649 1371 de

877 1417 1212 1484 Ledewich
1240 1454 1252 1468 ·
1279 1416 1548 1482 Ricardo
1572 1415 1791 1503 Tyren
1823 1454 1836 1467 ·
1869 1415 2183 1481 Herberto
2206 1415 2287 1481 de
2313 1416 2375 1481 la
2396 1414 2601 1481 Marte
2636 1455 2647 1467 ·
2680 1417 2869 1483 Petro
2892 1418 2971 1482 de
2994 1415 3202 1483 Culak
3236 1454 3249 1466 ·
3276 1414 3545 1481 Ricardo
3567 1413 3646 1479 de

878 1523 1244 1589 Luddelane
1273 1523 1495 1589 clerico
1525 1535 1590 1588 et
1617 1522 1770 1588 aliis.

2039 1736 2486 1810 LXXXVI.

1406 1922 1858 2012 ffitquittantia
1891 1922 1971 1993 bi.
2008 1934 2431 1996 marmarum
2461 1927 2532 1996 δε
2566 1936 2736 1998 tarta
2770 1924 3115 2016 prementi.

1059 2108 1319 2174 Mnibus
1347 2108 1428 2173 ad
1457 2133 1612 2194 quos
1641 2134 1891 2197 presens
1936 2123 2105 2177 carta
2129 2113 2485 2199 pervenerit
2512 2114 2661 2178 Ada
2688 2114 2767 2179 de
2790 2113 3149 2202 Ledwyche
3195 2114 3473 2180 salutem.
3520 2114 3648 2179 No-

1100 2216 1261 2281 verit
1286 2215 1654 2280 universitas
1683 2230 1887 2281 vestra
1914 2239 2014 2280 me
2038 2215 2277 2281 dedisse
2306 2216 2674 2282 concessisse
2702 2228 2766 2282 et
2794 2217 3078 2303 quietum
3108 2216 3399 2283 clamasse
3420 2217 3559 2284 Deo
3588 2230 3653 2283 et

881 2325 1060 2389 beate
1091 2323 1294 2388 Marie
1316 2322 1520 2387 Priori
1549 2335 1616 2388 et
1641 2323 1980 2389 conventui
2012 2322 2317 2388 Omnium
2350 2323 2717 2389 Sanctorum
2738 2324 2931 2408 juxta
2959 2324 3203 2405 Dublin
3230 2338 3433 2390 totum
3453 2326 3560 2410 jus
3588 2337 3653 2390 et

883 2427 1176 2493 clamium
1206 2427 1375 2513 quod
1403 2425 1596 2491 habui
1626 2426 1729 2491 vel
1765 2426 1994 2493 habere
2031 2426 2211 2513 potui
2248 2427 2317 2491 in
2362 2452 2475 2493 sex
2520 2429 2805 2495 marcatis
2852 2431 3091 2518 argenti
3138 2432 3331 2497 annui
3374 2431 3653 2497 redditus

884 2560 1036 2622 quas
1081 2535 1205 2600 emi
1245 2534 1324 2599 de
1363 2534 1407 2599 J
1408 2533 1652 2598 ohanne
1678 2533 1740 2597 le
1769 2533 1962 2620 Petyt
2007 2547 2072 2597 et
2095 2531 2295 2597 Alina
2321 2556 2520 2597 uxore
2550 2556 2659 2597 sua
2680 2533 2759 2599 de
2788 2533 3037 2599 redditu
3066 2534 3145 2599 de
3174 2534 3556 2623 Balynegros
3584 2536 3653 2600 in

883 2653 1238 2709 tenemento
1283 2640 1362 2705 de
1391 2638 1755 2727 Moytastha
1786 2677 1798 2689 ·
1832 2637 2241 2725 qua-squidem
2281 2638 2483 2703 dictus
2522 2638 2703 2703 Prior
2748 2652 2812 2705 et
2856 2652 3197 2705 conventus
3225 2641 3505 2726 ejusdem
3532 2641 3653 2708 loci

885 2752 1165 2818 solebant
1202 2749 1441 2814 solvere
1471 2748 1638 2813 dicto
1667 2748 1710 2812 J
1713 2746 1945 2812 ohanni
1984 2758 2048 2812 et
2074 2746 2271 2811 Aline
2308 2746 2496 2811 uxori
2536 2771 2644 2812 sue
2673 2747 2752 2812 de
2791 2745 3071 2835 predicta
3106 2759 3269 2811 terra
3296 2746 3375 2811 de
3403 2745 3651 2811 Baline-

886 2881 1044 2945 gros.
1133 2854 1304 2922 Volo
1333 2852 1531 2918 eciam
1561 2851 1731 2937 quod
1756 2874 1874 2916 nec
1912 2875 2030 2938 ego
2069 2849 2283 2916 Adam
2322 2875 2438 2917 nec
2478 2851 2700 2938 aliquis
2728 2850 3029 2917 heredum
3065 2874 3347 2916 meorum
3374 2851 3445 2914 in
3473 2850 3655 2916 dictis

886 2987 1000 3028 sex
1027 2960 1312 3027 marcatis
1335 2959 1414 3024 de
1441 2971 1645 3024 cetero
1673 2957 1874 3022 ullum
1904 2957 2237 3023 clamorem
2264 2958 2492 3023 habere
2520 2957 2877 3045 poterimus.

1015 3065 1139 3130 Pro
1167 3063 1285 3128 hac
1332 3075 1539 3128 autem
1589 3085 1729 3126 mea
1769 3059 2110 3125 donacione
2158 3061 2551 3126 concessione
2602 3075 2667 3126 et
2712 3061 2922 3147 quieta
2971 3061 3347 3128 clamacione
3392 3063 3657 3150 predicti

891 3172 1072 3236 Prior
1099 3184 1164 3236 et
1191 3181 1533 3235 conventus
1562 3168 1842 3253 ejusdem
1869 3167 1994 3233 loci
2038 3167 2495 3255 quinquaginta
2538 3191 2772 3234 marcas
2814 3168 2971 3232 mihi
3000 3192 3111 3255 pre
3152 3169 3441 3235 manibus
3469 3169 3655 3235 dede-

889 3288 1054 3339 runt.
1141 3275 1230 3338 Et
1257 3274 1336 3339 ad
1357 3275 1477 3360 maj
1486 3299 1655 3339 orem
1683 3274 1872 3360 hujus
1900 3273 1991 3338 rei
2020 3274 2411 3340 securitatem
2442 3287 2791 3362 presentem
2820 3287 3051 3341 cartam
3079 3273 3270 3362 sigilli
3298 3275 3423 3340 mci
3450 3275 3655 3340 muni-

889 3381 1060 3446 mine
1088 3380 1496 3446 corroboravi.
1585 3381 1731 3445 Hiis
1752 3380 2012 3446 testibus
2038 3419 2051 3431 ·
2078 3379 2363 3446 Galfrido
2386 3382 2464 3447 de
2480 3380 2782 3470 Appelby
2809 3421 2820 3432 ·
2846 3381 3120 3470 Magano
3142 3380 3410 3448 Dullard
3436 3421 3447 3433 ·
3473 3383 3659 3448 Petro

893 3485 972 3550 de
1022 3485 1248 3551 Sancto
1294 3485 1679 3574 Leodegario
1713 3524 1724 3535 ·
1759 3485 2028 3551 Ricardo
2074 3484 2155 3549 de
2205 3484 2529 3552 Ludelone
2563 3523 2575 3535 ·
2607 3485 2650 3549 J
2651 3485 2896 3552 ohanne
2925 3486 3004 3552 de
3043 3487 3263 3575 Feypo
3296 3526 3309 3538 -
3342 3487 3530 3554 Petro
3581 3486 3659 3550 de

897 3589 1112 3677 Kulog
1139 3600 1202 3654 et
1230 3587 1365 3654 aliis
1393 3588 1622 3653 multis.

2031 3805 2518 3880 LXXXVII.

1555 3990 1670 4064 m
1701 3990 1934 4064 ramim
1970 3989 2037 4062 in
2070 3989 2228 4064 billa
2257 3995 2330 4064 ut
2360 3991 2615 4080 §mayn
2652 3994 2719 4064 ίιι
2752 3989 2987 4087 ffltytl.

1084 4180 1283 4247 Otum
1310 4179 1391 4244 sit
1416 4178 1803 4267 presentibus
1825 4192 1890 4245 et
1917 4179 2140 4246 futuris
2170 4178 2340 4266 quod
2359 4201 2477 4268 ego
2494 4178 2813 4246 Gralfridus
2835 4177 2914 4243 de
2936 4177 3085 4243 Bois
3106 4179 3365 4245 clericus
3392 4181 3660 4247 civitatis

1127 4284 1371 4352 Dublin
1400 4283 1546 4350 dedi
1575 4285 1849 4353 concessi
1877 4296 1942 4352 et
1967 4286 2087 4352 hac
2124 4284 2396 4373 presenti
2436 4296 2605 4350 carta
2637 4306 2779 4350 mea
2820 4283 3183 4349 confirmavi
3220 4286 3475 4353 ecclesie
3505 4288 3659 4353 Om-

897 4399 1076 4464 nium
1101 4395 1467 4463 Sanctorum
1487 4392 1678 4478 juxta
1705 4393 1950 4462 Dublin
1971 4407 2036 4462 et
2063 4393 2342 4481 ejusdem
2384 4392 2506 4459 loci
2536 4392 2848 4460 canonicis
2880 4430 2893 4443 ·
2924 4415 3039 4480 pro
3068 4392 3263 4459 salute
3291 4393 3495 4461 anime
3524 4419 3660 4461 mee

3597 4515 3662 4566 et
