4295 5410
1957 656 2048 728 53

1894 903 2098 974 LIII.

1208 1089 1557 1164 comasio
1593 1101 1650 1162 tt
1679 1089 1934 1162 sonatio
1970 1091 2363 1180 quntunuam
2399 1086 2771 1172 betharam.

741 1279 932 1344 Ciant
957 1293 1270 1368 presentes
1302 1279 1430 1366 [et]
1462 1279 1656 1344 futuri
1701 1278 1869 1365 quod
1907 1283 2024 1366 ego
2055 1276 2363 1342 Ricardus
2392 1277 2469 1342 de
2500 1276 2765 1364 Pheypo
2802 1274 2949 1340 dedi
2997 1276 3269 1342 concessi
3316 1291 3380 1342 01

784 1384 993 1471 quiete
1039 1385 1303 1452 clamavi
1334 1401 1398 1451 et
1425 1385 1542 1450 hac
1572 1385 1843 1473 presenti
1872 1397 2040 1450 carta
2067 1407 2209 1449 mea
2234 1382 2600 1450 confirmavi
2630 1406 2743 1470 pro
2774 1381 2981 1447 anima
3024 1405 3167 1448 mea
3212 1395 3383 1449 ante-

609 1513 916 1556 cessorum
945 1505 1010 1556 et
1037 1513 1453 1556 successorum
1489 1512 1770 1554 meorum
1799 1487 1868 1552 in
1896 1509 2118 1574 puram
2159 1500 2223 1552 01
2250 1499 2615 1574 perpetuam
2653 1485 3053 1552 elemosinam
3084 1486 3287 1551 Priori
3319 1501 3384 1553 et

611 1594 946 1660 conventui
978 1595 1284 1661 Omnium
1309 1593 1680 1660 Sanctorum
1700 1592 1892 1678 juxta
1914 1590 2159 1658 Dublin
2185 1629 2197 1642 ·
2220 1591 2643 1680 Reginaldum
2672 1591 3088 1680 Mackelegan
3121 1631 3133 1643 ·
3168 1593 3385 1658 Cristi-

610 1724 761 1764 1111111
812 1700 1226 1789 Mackelegan
1270 1738 1285 1751 ·
1325 1698 1638 1764 Murdach
1683 1697 2100 1785 Mackelegan
2141 1734 2155 1748 ·
2196 1696 2540 1763 Gillesman
2588 1696 3007 1785 Mackelegan
3055 1721 3200 1764 cum
3251 1712 3383 1763 tota

610 1803 868 1868 nacione
897 1826 1009 1868 sua
1035 1802 1114 1868 de
1145 1801 1509 1890 Balydugyl
1535 1824 1680 1866 cum
1718 1799 1994 1865 serviciis
2031 1800 2159 1866 suis
2202 1824 2347 1865 cum
2377 1801 2559 1866 exitu
2602 1825 2714 1866 suo
2760 1814 2827 1866 et
2853 1803 3152 1890 progenie
3199 1806 3277 1870 ab
3308 1829 3381 1870 ea

610 1909 868 1976 nacione
897 1934 1178 1999 processa
1223 1925 1288 1976 et
1331 1933 1688 1998 processura
1733 1922 1798 1974 et
1825 1907 2128 1994 quicquid
2156 1908 2225 1972 in
2253 1932 2327 1973 ea
2356 1908 2518 1993 juris
2556 1907 2751 1974 habui
2781 1907 2885 1973 vel
2911 1907 3141 1975 habere
3180 1911 3375 1997 potui.

723 2014 822 2080 Ita
837 2015 1007 2101 quod
1024 2038 1140 2080 nec
1157 2037 1275 2102 ego
1294 2013 1497 2078 dictus
1516 2012 1821 2078 Ricardus
1843 2023 1908 2076 et
1923 2012 2183 2077 heredes
2204 2013 2336 2078 mei·
2352 2037 2538 2100 super
2554 2012 2723 2079 dicta
2737 2013 2999 2080 nacione
3023 2030 3088 2080 et
3106 2017 3381 2082 serviciis

611 2125 742 2210 ejus
782 2125 860 2189 de
901 2137 1105 2190 cetero
1143 2122 1380 2186 nullam
1408 2121 1746 2186 habeamus
1774 2118 2170 2183 exactionem
2199 2117 2303 2183 vel
2330 2117 2767 2204 calumpniam.
2856 2118 2999 2206 Ego
3029 2134 3237 2185 autem
3267 2121 3379 2186 Ri-

611 2229 828 2294 cardus
856 2244 922 2295 et
939 2229 1198 2294 heredes
1225 2228 1351 2294 mei
1382 2227 1614 2293 (11018111
1631 2226 2038 2292 donacionem
2068 2225 2525 2292 concessionem
2548 2237 2613 2290 et
2633 2225 2909 2312 quietam
2939 2226 3382 2293 clamacionem

611 2337 774 2403 dicte
803 2337 1020 2403 domui
1051 2337 1354 2403 Omnium
1388 2335 1756 2401 Sanctorum
1803 2346 1868 2400 et
1912 2333 2227 2399 canonicis
2253 2332 2491 2398 ibidem
2527 2332 2667 2398 Deo
2708 2332 3120 2398 servientibus
3165 2346 3381 2398 contra

611 2465 822 2509 omnes
843 2429 1124 2510 homines
1153 2458 1217 2508 01
1236 2443 1496 2508 feminas
1517 2443 1586 2507 in
1613 2456 1985 2530 perpetuum
2014 2440 2571 2506 warentizabimus
2659 2440 2748 2505 Et
2774 2455 2849 2505 ut
2874 2440 2991 2506 hec
3020 2463 3160 2505 mea
3188 2441 3379 2506 ‹lona-

611 2549 707 2614 010
737 2549 1048 2616 concessio
1078 2550 1288 2636 quieta
1317 2548 1614 2615 clamacio
1652 2562 1717 2614 et
1753 2561 1920 2615 carte
1940 2571 2079 2613 mee
2108 2546 2505 2612 confirmacio
2534 2548 2726 2613 robur
2750 2547 3185 2612 inconcussum
3218 2547 3377 2613 obti-

609 2673 800 2723 neant
819 2671 1165 2745 presentem
1195 2669 1424 2722 cartam
1449 2655 1638 2745 sigilli
1661 2655 1786 2720 mei
1806 2655 2209 2744 impressione
2238 2655 2543 2722 roboravi.
2634 2655 2779 2722 Hiis
2802 2657 3060 2725 testibus
3087 2696 3099 2709 ·
3125 2657 3380 2724 domino

617 2762 934 2851 Stephano
982 2778 1131 2829 111110
1182 2764 1402 2829 abbate
1457 2762 1682 2828 Sancte
1731 2762 1932 2827 Marie
1975 2764 2169 2849 juxta
2213 2762 2459 2829 Dublin
2492 2802 2504 2813 ·
2537 2763 2793 2829 domino
2831 2763 3129 2852 Philippo
3159 2766 3375 2831 Priore

616 2868 840 2935 Sancte
879 2870 1206 2935 Trinitatis
1244 2868 1489 2935 Dublin
1521 2911 1534 2921 -
1568 2868 1822 2935 domino
1860 2870 2146 2958 Meylcro
2187 2870 2265 2936 de
2314 2870 2563 2936 Cursun
2596 2910 2609 2923 ·
2642 2872 2897 2938 domino
2938 2872 3259 2938 Almarico
3299 2874 3376 2939 de

612 2973 872 3039 Houeth
905 3014 916 3025 ·
951 2974 1204 3040 domino
1238 2972 1492 3039 Simone
1532 2973 1843 3039 Murdach
1878 3012 1890 3025 ·
1922 2974 2248 3039 Willelmo
2288 2973 2523 3040 Cumin
2556 3014 2568 3025 ·
2602 2976 2882 3041 Henrico
2913 2976 3110 3066 Tyrel
3141 3017 3154 3029 ·
3188 2979 3376 3044 Petro

615 3080 692 3145 de
724 3078 922 3147 Culoc
951 3094 1016 3147 01
1041 3080 1254 3146 multis
1284 3080 1438 3146 aliis.

1889 3317 2088 3392 LIV.

1257 3504 1472 3577 Quarta
1502 3507 1574 3576 ne
1607 3503 1912 3595 panicula
1947 3516 2092 3578 tetre
2129 3508 2296 3597 aput«
2328 3505 2717 3595 munuum.

744 3691 933 3758 Ciant
961 3704 1089 3757 tam
1110 3703 1421 3779 presentes
1442 3715 1630 3779 quam
1657 3692 1852 3758 futuri
1880 3692 2049 3778 quod
2079 3716 2198 3781 ego
2215 3694 2260 3759 J
2262 3694 2535 3760 ohannes
2554 3692 2831 3761 Latimer
2860 3720 2971 3784 pro
3002 3696 3216 3764 divine
3245 3699 3375 3787 pie-

785 3798 930 3863 tatis
957 3797 1191 3863 intuitu
1219 3810 1284 3863 et
1310 3822 1424 3885 pro
1453 3798 1647 3864 salute
1677 3798 1881 3864 anime
1909 3822 2046 3865 mee
2076 3816 2142 3865 et
2162 3800 2379 3865 uxoris
2421 3824 2560 3867 mee
2590 3815 2655 3866 et
2691 3800 2881 3889 patris
2920 3804 3045 3868 mei
3074 3818 3139 3869 et
3165 3808 3379 3872 matris

611 3926 752 3969 mee
777 3914 842 3967 01
863 3902 1207 3967 81111118111111
1230 3916 1682 3968 antecessorum
1703 3926 1982 3967 meorum
2004 3912 2069 3967 et
2097 3926 2515 3969 successorum
2542 3927 2825 3969 meorum
2842 3904 2990 3970 dedi
3013 3920 3077 3972 et
3106 3910 3377 3974 concessi

613 4020 677 4070 et
703 4006 821 4071 hac
849 4004 1119 4092 presenti
1148 4018 1316 4069 carta
1342 4028 1483 4069 mea
1509 4004 1871 4069 confirmavi
1902 4004 2042 4069 Deo
2075 4020 2140 4069 et
2169 4006 2427 4072 ecclesie
2459 4006 2762 4073 Omnium
2797 4007 3165 4076 Sanctorum
3185 4015 3377 4098 juxta

612 4109 856 4176 Dublin
877 4148 888 4161 ·
909 4122 975 4175 et
1001 4110 1313 4175 canonicis
1338 4109 1576 4177 ibidem
1599 4110 1738 4175 Deo
1768 4109 2179 4175 servientibus
2209 4124 2436 4177 terram
2454 4112 2532 4178 de
2563 4138 2687 4199 qua
2712 4113 2836 4179 fuit
2862 4117 3187 4183 contencio
3216 4119 3380 4185 inter

613 4218 812 4283 dictos
857 4218 1184 4283 canonicos
1227 4242 1314 4283 ex
1351 4241 1478 4282 una
1506 4231 1680 4305 parte
1717 4230 1783 4283 et
1809 4241 1910 4283 me
1949 4242 2033 4283 ex
2064 4218 2255 4285 altera
2282 4234 2457 4308 parte
2490 4257 2503 4270 ·
2536 4220 2773 4287 scilicet
2800 4236 3026 4288 terram
3054 4223 3227 4289 illa-m
3258 4250 3379 4310 que

611 4336 871 4388 vocatur
897 4324 1378 4390 Inchenehaven
1407 4337 1472 4389 et
1490 4323 1660 4409 jacet
1697 4324 1861 4390 inter
1888 4322 2260 4389 Duncharni
2299 4338 2364 4389 et
2400 4348 2624 4410 aquam
2665 4350 2787 4411 que
2825 4341 3081 4394 vocatur
3115 4328 3375 4395 Schike-

613 4428 748 4493 loth
769 4466 782 4479 ·
804 4444 868 4494 01
889 4442 1088 4494 10111111
1100 4430 1206 4514 jus
1234 4452 1443 4495 meum
1467 4445 1531 4494 et
1551 4444 1791 4516 partem
1820 4452 2024 4493 meam
2054 4428 2134 4493 ad
2156 4452 2257 4493 me
2286 4443 2723 4517 expectantem
2747 4456 2890 4498 cum
2921 4456 3177 4520 corpore
3201 4458 3342 4499 meo
3365 4474 3377 4486 ·

3042 4540 3377 4606 tenendam
