4295 5410
1885 642 1980 717 79

545 816 609 870 et
635 802 868 893 singuli
898 802 1349 893 archiepiscopi
1371 803 1616 871 Dublin
1644 802 1840 869 futuri
1863 825 1977 892 pro
1999 802 2126 869 suis
2147 802 2531 892 temporibus
2552 804 2867 893 perpetuis
2897 803 3021 870 sint
3048 805 3327 871 contenti

546 936 630 977 ex
657 912 856 978 causis
884 912 1180 999 predictis
1210 924 1274 978 et
1302 912 1438 977 aliis
1465 911 1764 1000 legitimis
1807 912 2146 978 concedere
2176 910 2586 999 pronunciare
2618 910 2926 977 declarare
2956 909 3224 975 diffinire
3262 923 3326 975 et

549 1018 830 1083 ordinare
859 1016 1260 1105 dignaremur
1288 1016 1610 1104 presertim
1654 1040 1800 1083 cum
1841 1016 1922 1081 ad
1964 1016 2033 1080 id
2071 1014 2488 1103 capitulorum
2534 1014 2932 1081 ecclesiarum
2976 1029 3323 1080 nostrarum

547 1138 755 1189 sancte
793 1122 1122 1187 Trinitatis
1167 1135 1233 1187 et
1280 1120 1494 1187 Sancti
1523 1119 1782 1186 Patricii
1820 1118 2066 1186 Dublin
2117 1143 2189 1185 ac
2236 1118 2519 1185 omnium
2563 1143 2827 1206 quorum
2872 1120 3129 1186 interest
3164 1120 3325 1187 liber

549 1251 878 1293 consensus
909 1225 1181 1292 accedat.

674 1333 806 1398 Nos
825 1333 1021 1421 igitur
1047 1344 1340 1398 contenta
1359 1330 1430 1396 in
1459 1330 1920 1417 supplicacione
1950 1343 2155 1397 vestra
2181 1330 2484 1419 prelibata
2506 1332 2715 1397 omnia
2736 1345 2801 1398 et
2822 1332 3066 1421 singula
3087 1332 3324 1399 solicite

547 1437 935 1503 revolventes
973 1450 1038 1502 et
1065 1458 1194 1501 non
1229 1435 1362 1501 sine
1401 1435 1603 1501 cordis
1643 1434 2054 1500 amaritudine
2084 1435 2273 1500 vestri
2302 1435 2619 1502 Prioratus
2647 1451 2713 1503 et
2739 1452 2941 1505 vestre
2969 1440 3323 1527 indigencie

547 1543 652 1630 pio
672 1540 1060 1630 paternitatis
1087 1539 1542 1628 compacientes
1571 1538 1798 1603 affectu
1826 1538 2046 1603 vestris
2074 1539 2638 1627 supplicacionibus
2666 1542 3007 1630 plurimum
3036 1545 3323 1611 excitati·

549 1650 950 1735 volentesque
996 1648 1160 1717 circa
1201 1646 1580 1735 peticionem
1625 1659 1892 1712 vestram
1937 1647 2282 1734 predictam
2318 1648 2480 1734 juris
2526 1650 2809 1717 ordinem
2855 1676 3097 1719 servare
3142 1678 3326 1741 super

547 1756 744 1821 causis
795 1754 1204 1821 concessionis
1247 1753 1786 1845 pronunciacionis
1836 1753 2277 1819 declaracionis
2326 1755 2725 1822 diffinicionis
2782 1782 2853 1823 ac
2911 1757 3325 1825 ordinacionis

547 1862 782 1928 ibidem
799 1862 1222 1929 faciendarum
1251 1874 1318 1927 et
1336 1882 1551 1926 eorum
1581 1860 1843 1925 veritate
1863 1898 1878 1911 ·
1897 1860 2046 1926 licet
2067 1860 2389 1927 manifeste
2418 1875 2566 1927 note
2596 1874 2660 1927 et
2686 1864 2927 1929 notorie
2956 1865 3295 1931 extiterant
3308 1904 3321 1917 ·

547 1970 825 2035 volentes
845 1983 1054 2036 tamen
1083 1982 1271 2057 prout
1283 1970 1429 2055 jura
1455 1968 1719 2034 suadent
1746 1968 1814 2033 in
1843 1969 1960 2035 hac
1989 1984 2163 2056 parte
2193 1969 2437 2057 plenius
2465 1970 2785 2037 informari
2814 1996 2999 2059 super
3037 1973 3327 2038 omnibus

550 2088 614 2141 et
639 2076 902 2164 singulis
929 2074 1224 2163 predictis
1268 2074 1527 2160 aliisque
1572 2074 1771 2141 causis
1808 2074 2106 2163 legitimis
2150 2089 2215 2139 et
2252 2100 2465 2141 earum
2508 2076 2992 2143 circumstanciis
3020 2102 3133 2165 per
3161 2078 3326 2144 viros

549 2180 898 2269 fidedignos
926 2179 1444 2268 inquirendorum
1471 2179 1772 2245 noticiam
1793 2180 2213 2269 verisimiliter
2241 2180 2591 2247 obtinentes
2619 2182 2687 2246 in
2704 2182 2901 2247 forma
2912 2184 3075 2269 juris
3086 2184 3327 2270 juratos

549 2287 914 2376 singillatim
951 2300 1018 2353 et
1043 2300 1279 2353 secreto
1307 2286 1697 2353 examinatos
1741 2286 2254 2352 concurrentibus
2298 2286 2497 2353 eciam
2543 2288 2831 2353 omnibus
2862 2313 2983 2374 que
3010 2289 3080 2353 in
3107 2290 3233 2355 hiis
3262 2304 3326 2356 et

547 2392 710 2459 circa
729 2416 804 2458 ea
823 2392 1298 2479 requirebantur
1318 2393 1396 2459 de
1411 2394 1556 2479 jure
1573 2432 1588 2445 ·
1603 2392 2082 2479 inquisicionem
2103 2392 2240 2459 fieri
2258 2393 2517 2459 fecimus
2538 2395 2899 2461 canonicam
2922 2396 2991 2461 in
3008 2396 3125 2462 hac
3148 2412 3323 2484 parte

550 2500 628 2566 de
658 2524 961 2567 consensu
990 2501 1362 2567 dilectorum
1389 2500 1662 2565 filiorum
1691 2498 2108 2588 capitulorum
2136 2499 2535 2565 ecclesiarum
2566 2514 2912 2565 nostrarum
2942 2502 3322 2590 supradicta-

549 2628 690 2669 rum
719 2604 1000 2669 unanimi
1028 2617 1092 2670 et
1113 2627 1406 2691 expresso
1435 2628 1580 2669 cum
1611 2604 1837 2690 quibus
1865 2626 2051 2691 super
2071 2604 2195 2670 hiis
2224 2629 2619 2671 communem
2644 2620 2969 2673 tractatum
2992 2609 3323 2675 habuimus

549 2725 614 2778 et
659 2711 1039 2800 solempnem
1085 2710 1272 2799 plena
1319 2710 1687 2799 cognicione
1732 2709 2058 2799 prehabita
2086 2711 2397 2778 decreto
2380 2737 2632 2802 insuper
2674 2714 3041 2803 interposito
3087 2729 3152 2782 et
3188 2717 3324 2783 aliis

549 2818 906 2939 solempniis
952 2817 1346 2904 subsequutis
1382 2841 1504 2905 que
1533 2818 1602 2882 in
1630 2818 1752 2884 hoc
1796 2843 1944 2884 casu
1979 2819 2171 2904 juxta
2206 2819 2367 2905 juris
2414 2845 2517 2886 exi
2523 2845 2807 2910 genc1am
2854 2835 2917 2888 et
2962 2822 3321 2909 qualitatem

551 2925 798 3014 negocii
827 2925 1172 3014 exiguntur
1190 2925 1476 3011 jurisque
1507 2923 1771 2992 ordine
1751 2949 1820 2990 ιιι
1849 2926 2138 2992 omnibus
2168 2939 2427 2992 servato.

683 3033 771 3097 Et
799 3031 947 3118 quia
973 3044 1102 3098 tam
1129 3055 1242 3120 per
1261 3029 1738 3117 inquisicionem
1769 3029 2112 3118 predictam
2136 3053 2325 3116 quam
2354 3054 2467 3119 per
2495 3031 2617 3096 alia
2644 3031 2925 3120 legitima
2952 3032 3326 3098 documenta

553 3151 615 3204 et
644 3137 1034 3205 evidenciam
1059 3137 1209 3204 facti
1235 3136 1464 3203 notorii
1486 3137 1901 3225 comperimus
1928 3137 2276 3205 luculenter
2297 3139 2757 3228 suggestionem
2786 3152 3051 3206 vestram
3080 3140 3323 3228 predic-

550 3257 682 3309 tam
718 3255 784 3309 et
811 3243 1084 3333 singulas
1122 3269 1334 3311 causas
1361 3245 1430 3309 in
1458 3244 1769 3333 peticione
1799 3257 2002 3311 vestra
2029 3246 2311 3333 predicta
2337 3259 2650 3334 pretensas
2679 3247 2865 3313 fuisse
2901 3259 2966 3313 et
2992 3271 3121 3314 esse
3150 3272 3325 3314 veras

549 3361 613 3413 et
639 3347 953 3437 legitimas
982 3350 1276 3437 quodque
1319 3350 1574 3418 evidens
1601 3351 1840 3419 utilitas
1878 3365 1944 3418 et
1970 3375 2201 3442 urgens
2246 3353 2573 3419 necessitas
2612 3353 2931 3420 Prioratus
2959 3354 3153 3420 vestri
3183 3379 3321 3443 pre-

555 3451 707 3518 dicti
741 3453 811 3519 id
848 3468 1198 3542 exposcunt
1228 3493 1242 3508 ·
1273 3455 1479 3522 Vobis
1507 3457 1724 3524 Priore
1751 3458 2032 3546 predicto
2062 3459 2467 3545 personaliter
2512 3484 2583 3525 ac
2621 3472 2937 3526 conventu
2978 3472 3183 3524 vestro
3213 3483 3326 3548 per

553 3573 1012 3645 procuratorem
1039 3561 1120 3628 ad
1147 3562 1268 3630 hoc
1295 3564 1644 3652 specialiter
1671 3579 1736 3632 et
1763 3567 2136 3633 sufficienter
2166 3568 2572 3634 constitutum
2598 3590 2807 3633 coram
2836 3567 3014 3633 nobis
3042 3567 3110 3631 in
3141 3568 3329 3631 domo

555 3669 882 3758 capitulari
926 3669 1183 3737 ecclesie
1221 3685 1427 3737 nostre
1473 3671 1842 3738 cathedralis
1875 3671 2100 3740 Sancte
2124 3672 2453 3738 Trinitatis
2499 3671 2775 3760 predicte
2823 3671 3327 3760 comparentibus

555 3778 879 3866 prehabita
922 3777 1246 3866 cum-ipsis
1292 3779 1514 3844 nostris
1559 3777 1849 3866 capitulis
1892 3777 2188 3866 predictis
2218 3777 2671 3843 deliberacione
2717 3789 2783 3842 et
2808 3789 3008 3842 tractu
3039 3775 3327 3864 diligenti

553 3880 894 3947 secundum
915 3879 1076 3966 juris
1104 3879 1500 3968 exigenciam
1527 3881 1596 3944 in
1624 3881 1942 3946 communi
1969 3919 1982 3932 ·
2014 3880 2496 3969 pronunciamus
2526 3881 2890 3947 auctoritate
2920 3894 3127 3946 nostra
3160 3882 3323 3946 ordi-

555 3987 729 4052 naria
764 3999 829 4052 et
855 3985 1199 4074 pontificali
1226 3987 1296 4051 in
1333 3986 1456 4052 hiis
1485 3987 1727 4075 scriptis
1772 4000 1839 4053 et
1874 3987 2072 4054 eciam
2111 3987 2493 4054 declaramus
2540 4010 2753 4052 omnes
2798 3986 3071 4075 singulas
3116 4011 3327 4054 causas

555 4092 862 4180 predictas
889 4116 1064 4159 veras
1092 4093 1465 4160 sufficientes
1501 4093 1906 4160 racionabiles
1943 4119 2014 4160 ac
2051 4093 2377 4160 canonicas
2404 4091 2590 4158 fuisse
2628 4105 2705 4158 et·
2720 4117 2849 4158 esse
2878 4093 2958 4158 ad
2987 4094 3324 4159 concessio-

555 4221 700 4264 nem
745 4196 1335 4286 pronunciacionem
1385 4196 1872 4263 declaracionem
1918 4196 2367 4262 diffinicionem
2416 4209 2482 4262 et
2526 4196 2989 4263 ordinacionem
3040 4197 3217 4265 vobis
3263 4211 3327 4264 et

555 4303 868 4370 Prioratui
889 4315 1094 4368 vestro
1116 4316 1181 4368 et
1200 4302 1650 4369 successoribus
1678 4301 1896 4368 vestris
1915 4314 1990 4366 ut
2009 4325 2195 4388 supra
2216 4300 2451 4388 petitur
2470 4300 2782 4368 faciendas
2802 4338 2816 4354 ·
2836 4315 3103 4369 vestram
3131 4303 3327 4392 igitur

557 4431 742 4495 quam
763 4407 1045 4498 legitime
1071 4408 1362 4475 novimus
1391 4406 1751 4496 opinionem
1778 4405 2084 4473 celebrem
2113 4428 2359 4472 morum
2379 4405 2765 4474 honestatem
2788 4407 3114 4496 discipline
3142 4431 3325 4496 regu-

3181 4517 3324 4581 laris
