4295 5410
1969 578 2078 651 liii

1961 872 2060 944 X.

1543 1053 1870 1152 [Impexis
1898 1055 2415 1155 montensium]

838 1246 1106 1310 Enricus
1125 1244 1402 1311 Octavus
1425 1243 1528 1308 dei
1546 1244 1756 1333 gracia
1773 1245 2010 1334 Anglie
2029 1260 2093 1311 et
2112 1246 2376 1311 Francie
2398 1246 2541 1311 Rex
2560 1248 2709 1313 fidei
2730 1249 3015 1316 defensor
3035 1265 3100 1317 et
3117 1252 3406 1321 dominus

881 1349 1185 1416 Hibernie
1214 1374 1286 1415 ac
1315 1349 1384 1413 in
1412 1362 1574 1415 terra
1602 1374 1961 1437 supremum
1991 1366 2182 1438 caput
2207 1351 2466 1418 ecclesie
2478 1353 2835 1441 Anglicane
2869 1368 2934 1420 et
2965 1356 3404 1437 Hibernicane,

629 1456 920 1521 omnibus
979 1455 1058 1520 ad
1104 1479 1258 1541 quos
1305 1470 1618 1542 presentes
1662 1455 1870 1520 littere
1913 1469 2119 1521 nostre
2170 1454 2571 1542 pervenerint
2622 1456 2919 1524 Salutem.
3009 1461 3408 1550 Inspeximus

629 1561 942 1646 quendam
963 1558 1374 1625 donacionem
1411 1558 1541 1623 sive
1564 1558 2024 1624 concessionem
2047 1582 2160 1647 per
2188 1559 2539 1625 Walterum
2566 1560 2874 1629 Hancoke
2916 1588 3115 1651 nuper
3138 1566 3405 1654 priorem

629 1664 850 1729 domus
879 1664 1010 1729 sive
1039 1663 1346 1751 prioratus
1389 1661 1832 1727 canonicorum
1863 1662 2169 1729 Omnium
2204 1662 2573 1730 Sanctorum
2594 1667 2785 1752 juxta
2812 1668 3131 1736 civitatem
3162 1673 3406 1739 Dublin

627 1783 693 1835 et
718 1783 1100 1836 conventum
1145 1769 1324 1834 nobis
1370 1768 1596 1834 factam
1625 1768 1694 1833 in
1734 1770 1850 1835 hec
1881 1770 2089 1835 verba.
2168 1770 2369 1854 [Here
2409 1773 2651 1859 follows
2706 1775 2799 1841 tlte
2854 1780 3175 1844 sarrender
3230 1784 3405 1847 made

637 1876 774 1940 16:72
795 1874 1154 1952 November,
1193 1880 1373 1959 1538.
1466 1871 1584 1936 See
1613 1872 1734 1935 Nn.
1767 1870 1890 1935 IX.
1921 1896 1984 1959 p.
2015 1872 2086 1959 l.]

756 1980 1156 2069 Inspeximus
1187 1978 1376 2044 etiam
1420 1977 1907 2043 indorsationem
1956 1979 2368 2045 concessionis
2398 1993 2462 2045 et
2490 1981 2853 2048 donacionis
2880 1985 3156 2072 predicte
3187 1986 3253 2051 in
3284 1989 3401 2053 hec

629 2086 836 2151 verba.
929 2086 1129 2168 [Here
1153 2088 1396 2173 sollmos
1424 2087 1518 2152 the
1543 2088 2019 2165 memorandum,
2049 2109 2112 2174 p.
2141 2085 2263 2174 lii.]

755 2192 888 2257 Nos
917 2207 1128 2258 autem
1169 2205 1412 2259 tenores
1442 2192 1804 2257 donacionis
1856 2191 2269 2258 concessionis
2309 2206 2374 2258 et
2406 2193 2843 2260 indorsationis
2872 2197 3291 2285 predictarum
3321 2200 3401 2265 ad

627 2299 1098 2384 requisitionem
1144 2299 1187 2364 J
1191 2297 1370 2364 acobi
1415 2298 1524 2363 fitz
1576 2298 1834 2387 Symon,
1883 2298 2004 2384 maj
2013 2296 2136 2363 oris
2183 2298 2453 2363 civitatis
2486 2300 2747 2378 Dublin,
2781 2301 3035 2368 Ricardi
3065 2302 3314 2369 Birford
3336 2321 3401 2371 et

627 2404 874 2471 Mathei
927 2406 1240 2493 Gooding,
1293 2405 1668 2471 ballivorum
1717 2405 1997 2492 ejusdem
2027 2406 2301 2472 civitatis
2345 2408 2643 2474 duximus
2690 2409 3243 2498 exemplificandos
3288 2437 3399 2500 per

626 2526 957 2599 presentes.
1047 2514 1126 2577 In
1155 2513 1254 2598 cuj
1261 2536 1333 2578 us
1361 2512 1453 2579 rei
1501 2513 1928 2578 testimonium
1958 2514 2068 2579 has
2098 2514 2333 2581 litteras
2362 2532 2599 2581 nostras
2628 2516 2763 2581 fieri
2807 2516 3065 2582 fecimus
3094 2530 3393 2603 patentes,

629 2618 818 2684 Teste
865 2618 1092 2685 dilecto
1136 2618 1489 2684 consiliario
1535 2634 1744 2684 nostro
1777 2620 2104 2684 Leonardo
2154 2620 2327 2708 Gray
2356 2620 2555 2687 milite
2592 2622 2847 2687 domino
2895 2622 3069 2710 Gray
3099 2621 3395 2711 deputato

627 2739 837 2790 nostro
886 2739 1046 2790 terre
1089 2741 1154 2790 et
1199 2724 1462 2790 dominii
1515 2725 1708 2790 nostri
1763 2724 2070 2790 Hibernie
2124 2726 2292 2814 apud
2343 2726 2587 2792 Dublin
2634 2728 2931 2794 vicesimo
2979 2727 3244 2815 septimo
3290 2729 3393 2794 die

626 2833 1000 2899 Novembris
1029 2857 1192 2898 anno
1217 2833 1396 2922 regni
1425 2833 1621 2898 nostri
1649 2832 2421 2900 tricesim0.—-Recorder's
2448 2834 2637 2912 Book,
2668 2857 2774 2923 pp.
2796 2856 2914 2922 52-
2923 2856 2956 2921 5
2965 2856 3021 2921 5.

1938 3049 2077 3121 XI.

1576 3235 1820 3332 [OEtm
1855 3245 1910 3306 tt
1945 3233 2467 3334 montanianus]

782 3429 940 3493 Erre
969 3440 1034 3493 et
1061 3423 1470 3514 possessiones
1501 3422 1806 3489 Omnium
1824 3422 2195 3488 Sanctorum
2217 3447 2301 3489 ex
2320 3423 2731 3508 inquisicione
2750 3439 2931 3512 capta
2949 3425 3115 3512 apud
3138 3425 3386 3490 Swords

849 3537 918 3601 in
946 3535 1101 3600 festo
1154 3530 1367 3598 Sancti
1398 3529 1656 3594 Andree
1685 3529 1980 3616 Apostoli
2039 3553 2203 3594 anno
2248 3539 2418 3592 xxx⁰
2464 3527 2727 3593 Hemici
2772 3529 2977 3594 octavi
3027 3543 3384 3594 remanente

616 3644 684 3708 in
728 3639 934 3706 officio
977 3637 1258 3725 capitalis
1284 3634 1777 3702 rememoratoris
1805 3633 1943 3699 viz‘.

745 3748 988 3811 Domus
1031 3744 1184 3808 situs
1212 3741 1507 3807 circuitus
1537 3742 1804 3808 ambitus
1834 3756 1899 3807 et
1926 3741 2281 3829 precinctus
2317 3742 2623 3828 prioratus
2666 3741 2798 3807 sive
2828 3741 3049 3806 domus
3093 3741 3381 3830 religiose

621 3853 928 3921 Omnium
978 3850 1350 3915 Sanctorum
1378 3847 1657 3935 predicte
1687 3847 2020 3913 duodecim
2052 3871 2192 3913 acre
2239 3848 2400 3934 prati
2428 3871 2658 3912 novem
2703 3871 2842 3912 acre
2885 3861 3133 3936 pasture
3152 3863 3215 3913 et
3244 3873 3381 3937 sep-

617 3975 745 4027 tem
787 3958 1066 4046 pomaria
1113 3979 1258 4021 cum
1303 3954 1704 4044 pertinenciis
1749 3955 1818 4020 in
1859 3955 1976 4020 All
2018 3954 2314 4020 hallowes
2350 3955 2543 4042 juxta
2582 3953 2902 4019 civitatem
2935 3953 3183 4018 Dublin
3228 3979 3378 4040 qua-

617 4066 905 4156 draginta
933 4087 1072 4130 acre
1101 4077 1263 4128 terre
1291 4085 1437 4127 cum
1481 4063 1882 4150 pertinenciis
1909 4063 1978 4128 in
2008 4061 2432 4128 Donabrooke
2462 4086 2573 4128 sex
2604 4061 2950 4150 messuagia
2977 4085 3089 4126 sex
3118 4061 3381 4150 gardins

615 4187 679 4238 et
707 4173 833 4238 duo
875 4169 1154 4258 pomaria
1182 4193 1325 4235 cum
1369 4169 1770 4256 pertinenciis
1799 4170 1867 4234 in
1896 4169 2140 4236 Dublin
2184 4183 2452 4255 quatuor
2478 4167 2823 4256 messuagia
2852 4166 3193 4232 ducentum
3239 4192 3376 4233 acre

611 4293 774 4344 terre
802 4299 1029 4340 novem
1079 4297 1217 4338 acre
1245 4275 1407 4362 prati
1455 4273 1773 4339 sexdecim
1817 4297 1956 4339 acre
2005 4287 2253 4360 pasture
2282 4285 2348 4339 et
2376 4287 2498 4338 tres
2545 4297 2682 4338 acre
2728 4271 3015 4337 subbosci
3044 4295 3187 4337 cum
3236 4297 3374 4359 per-

613 4381 903 4450 tinenciis
932 4379 998 4444 in
1030 4378 1404 4444 Ballicullan
1433 4378 1558 4443 duo
1602 4376 1949 4465 messuagia
1989 4376 2112 4441 tria
2138 4376 2409 4464 cottagia
2439 4376 2756 4466 octoginta
2798 4375 3015 4441 decem
3046 4399 3185 4440 acre
3214 4391 3374 4441 terre

3099 4506 3375 4568 qumque
