4295 5410
2297 604 2329 677 1

2252 878 2388 953 IX.

1343 1082 1635 1181 [ἦβτίοτίε
1685 1092 1745 1153 tt
1794 1080 2177 1155 contentus
2226 1094 2493 1154 sunum
2542 1076 2816 1151 amitus
2850 1086 2909 1148 tt
2942 1068 3305 1169 matrasta]

1104 1260 1365 1328 Mnibus
1395 1260 1630 1327 Christi
1669 1259 1965 1326 fidelibus
1981 1259 2062 1324 ad
2083 1282 2239 1346 quos
2267 1280 2521 1346 presens
2542 1257 2845 1345 scriptum
2876 1258 3233 1346 pervenerit
3260 1282 3373 1325 nos
3396 1258 3715 1327 Walterus

1128 1366 1436 1433 Hancoke
1450 1367 1631 1432 Prior
1641 1366 1862 1431 domus
1884 1366 2016 1431 sive
2035 1365 2343 1453 prioratus
2364 1363 2808 1431 canonicorum
2820 1363 3125 1430 Omnium
3144 1366 3515 1431 Sanctorum
3526 1368 3717 1453 juxta

929 1476 1249 1543 civitatem
1269 1474 1516 1540 Dublin
1532 1475 1600 1539 in
1628 1474 1930 1541 comitatu
1949 1473 2195 1539 Dublin
2219 1471 2455 1539 ordinis
2472 1472 2808 1539 Aracensis
2830 1485 2895 1539 et
2911 1472 3193 1558 ejusdem
3215 1472 3339 1538 loci
3368 1490 3715 1539 conventus

929 1584 1191 1649 salutem
1221 1582 1290 1646 in
1319 1580 1574 1645 domino
1607 1579 2071 1668 sempiternam.
2103 1578 2423 1645 Noveritis
2444 1602 2559 1644 nos
2580 1576 2891 1666 prefatum
2913 1578 3199 1645 Priorem
3235 1594 3300 1645 et
3328 1594 3712 1647 conventum

933 1713 1206 1755 unacum
1250 1710 1500 1753 assensu
1528 1702 1594 1752 et
1644 1710 1950 1753 consensu
1992 1684 2219 1749 nostris
2265 1683 2489 1749 animis
2536 1684 2891 1750 deliberatis
2938 1696 3108 1751 certa
3153 1684 3424 1751 sciencia
3450 1702 3517 1751 et
3544 1710 3715 1751 mero

935 1806 1113 1859 motu
1161 1792 1386 1858 nostris
1428 1817 1514 1859 ex
1543 1793 1917 1879 quibusdam
1946 1792 2146 1858 causis
2180 1791 2367 1878 justis
2414 1805 2478 1858 et
2506 1790 2989 1859 racionabilibus
3022 1816 3135 1857 nos
3188 1793 3427 1859 animos
3455 1810 3521 1859 et
3566 1818 3715 1859 con-

937 1900 1232 1967 sciencias
1277 1914 1516 1967 nostras
1563 1900 1915 1989 specialiter
1965 1900 2365 1965 moventibus
2393 1899 2562 1965 ultro
2610 1912 2677 1965 et
2704 1912 2925 1987 sponte
2956 1899 3198 1966 dedisse
3228 1901 3597 1967 concessisse
3646 1926 3717 1967 ae

936 2030 1049 2094 per
1075 2020 1389 2093 presentes
1419 2006 1638 2071 damus
1666 2005 2066 2072 concedimus
2086 2004 2407 2071 reddimus
2436 2003 2851 2071 deliberamus
2872 2017 2938 2071 et
2966 2004 3405 2071 confirmamus
3433 2006 3718 2073 illustris·

935 2120 1093 2185 simo
1122 2144 1193 2186 ac
1221 2119 1632 2185 invictissimo
1661 2120 1932 2209 principi
1963 2133 2026 2186 et
2044 2120 2303 2185 domino
2332 2134 2543 2185 nostro
2563 2119 2844 2187 Henrico
2874 2133 3094 2186 octavo
3122 2119 3225 2185 dei
3254 2121 3462 2208 gracia
3479 2121 3719 2209 Anglie

937 2241 1003 2293 et
1044 2226 1309 2295 Francie
1351 2226 1488 2315 regi
1524 2226 1680 2291 fidei
1711 2225 2018 2292 defensori
2048 2223 2305 2290 domino
2336 2223 2647 2291 Hibernie
2695 2249 2767 2291 ac
2812 2224 2883 2291 in
2932 2225 3113 2291 terris
3138 2248 3429 2313 supremo
3460 2226 3717 2293 ecclesie

937 2333 1295 2423 Anglicane
1337 2346 1403 2398 et
1443 2330 1872 2397 Hibernicane
1909 2332 2025 2396 sub
2057 2329 2309 2395 Christo
2338 2328 2532 2417 capiti
2560 2342 2757 2395 totam
2788 2329 3023 2397 dictam
3064 2330 3323 2396 domum
3352 2330 3485 2397 sive
3524 2332 3719 2419 prior-

942 2456 1114 2505 atum
1143 2453 1422 2504 nostrum
1445 2436 1750 2503 Omnium
1777 2435 2147 2501 Sanctorum
2162 2434 2585 2523 predictorum
2604 2459 2676 2501 ac
2692 2447 2891 2501 totam
2908 2435 3168 2501 domum
3198 2436 3467 2503 fundum
3496 2438 3721 2503 scitum

943 2545 1249 2612 ambitum
1267 2558 1331 2610 et
1347 2542 1736 2632 precinctum
1756 2540 2074 2607 Prior-atus
2095 2540 2231 2607 sive
2260 2540 2481 2607 domus
2508 2540 2797 2629 religiose
2818 2540 3127 2607 Omnium
3148 2541 3519 2609 Sanctorum
3535 2544 3727 2629 juxta

945 2654 1264 2720 civitatem
1298 2649 1546 2718 Dublin
1577 2649 1922 2740 predictam
1951 2674 2023 2716 ac
2052 2662 2249 2716 totam
2296 2648 2619 2717 ecclesiam
2660 2648 3009 2738 campanile
3037 2663 3103 2716 et
3130 2650 3517 2717 semitorium
3562 2651 3724 2736 ejus-

949 2761 1092 2826 dem
1121 2759 1429 2848 prioratus
1457 2757 1588 2824 sive
1607 2757 1828 2822 domus
1857 2755 2144 2844 religiose
2175 2755 2473 2844 predicte.
2518 2755 2655 2822 Nec
2682 2779 2811 2821 non
2841 2755 3052 2821 omnia
3078 2756 3355 2821 maneria
3382 2757 3729 2846 messuagia

951 2882 1141 2932 terras
1189 2879 1549 2932 tenemento.
1597 2864 1879 2931 redditus
1924 2863 2315 2929 reverciones
2362 2875 2429 2929 et
2476 2863 2742 2930 servicia
2786 2861 3150 2928 molendina
3196 2878 3370 2950 prata
3409 2887 3637 2951 pascua
3664 2877 3731 2930 et

951 2987 1228 3061 pasturas
1257 2973 1442 3038 silvas
1469 2972 1657 3037 bosca
1685 2971 1989 3037 subbosca
2018 2971 2236 3036 domos
2259 2968 2509 3035 edificia
2526 2968 2817 3058 grangias
2838 2968 3059 3034 horrea
3086 2967 3329 3034 stabula
3348 2969 3731 3035 columbaria

952 3078 1244 3166 piscarias
1264 3101 1544 3144 warrena
1573 3075 1924 3143 annuitates
1953 3099 2142 3162 aquas
2171 3089 2393 3163 stagna
2418 3073 2713 3140 rectorias
2730 3073 2995 3140 vicarias
3023 3073 3207 3138 feoda
3234 3073 3506 3138 militum
3539 3074 3727 3139 advo-

952 3185 1225 3249 cationes
1255 3195 1614 3271 patronatus
1635 3180 2035 3248 ecclesiarum
2065 3180 2443 3267 capellarum
2472 3192 2537 3244 et
2566 3178 2977 3244 cantariarum
3008 3201 3543 3266 quarumcumque
3582 3203 3731 3267 pen-

953 3290 1162 3354 ciones
1219 3289 1541 3377 porciones
1571 3288 1842 3355 decimas
1871 3286 2216 3355 oblationes
2273 3287 2474 3352 curias
2515 3285 2670 3352 letas
2714 3285 2921 3352 visum
2950 3284 3233 3352 francum
3266 3310 3337 3350 ae
3393 3286 3735 3373 perquisita

957 3410 1022 3462 et
1069 3395 1349 3483 proficua
1393 3395 1730 3462 earundem
1780 3419 1852 3460 ac
1901 3394 2114 3459 omnia
2141 3393 2265 3458 alia
2304 3393 2452 3480 jura
2500 3390 2913 3480 possessiones
2960 3405 3026 3456 et
3060 3391 3553 3458 hereditamenta
3581 3417 3732 3479 que-

959 3525 1229 3588 cumque
1285 3514 1416 3566 tam
1461 3499 1807 3589 spiritualia
1837 3523 2026 3586 quam
2083 3498 2451 3587 temporalia
2480 3499 2931 3584 cujuscumque
2960 3497 3208 3586 generis
3230 3498 3334 3563 vel
3362 3511 3581 3563 nature
3610 3498 3737 3564 sint

959 3631 1068 3672 seu
1087 3603 1316 3693 speciei
1331 3619 1398 3670 et
1406 3605 1902 3692 quibuscumque
1923 3603 2283 3668 nominibus
2300 3617 2668 3670 censeantur
2685 3627 2793 3668 seu
2812 3617 3264 3690 cognoscentur
3282 3627 3427 3670 cum
3448 3608 3738 3673 omnibus

961 3726 1026 3778 et
1081 3710 1344 3800 singulis
1400 3733 1616 3776 eorum
1668 3706 1919 3794 juribus
1977 3707 2275 3773 membris
2332 3722 2397 3773 et
2452 3707 2857 3796 pertinenciis
2906 3708 2975 3773 in
3042 3708 3441 3776 comitatibus
3494 3713 3739 3779 Dublin

968 3817 1172 3883 Midie
1201 3815 1462 3880 Kildare
1492 3814 1705 3879 Louth
1737 3812 2106 3901 Tipperarie
2159 3811 2506 3878 Kilkennie
2553 3829 2617 3878 et
2664 3812 2817 3880 alibi
2867 3815 3251 3900 ubicumque
3302 3815 3464 3882 infra
3512 3831 3739 3884 terram

969 3923 1124 3988 dicti
1153 3920 1393 3988 domini
1423 3919 1586 4008 regis
1617 3919 1929 3985 Hibernie
1958 3918 2166 3984 eidem
2197 3917 2415 3983 domui
2442 3918 2731 4008 religiose
2760 3917 2973 4005 aliquo
2994 3919 3184 3986 modo
3222 3923 3579 4008 spectancia
3606 3925 3739 3992 sive

967 4028 1368 4118 pertinencia.
1399 4027 1503 4093 Ac
1525 4025 1889 4092 omnimodo
1919 4039 2116 4090 cartas
2147 4023 2503 4090 evidencias
2532 4024 2765 4111 scripta
2784 4039 2850 4090 et
2865 4025 3257 4092 munimenta
3274 4029 3423 4112 jura
3440 4054 3739 4116 quecum-

971 4161 1092 4222 que
1157 4135 1324 4200 dicte
1383 4131 1598 4198 domui
1671 4130 1958 4220 religiose
2014 4129 2118 4196 vel
2183 4129 2485 4218 prioratui
2538 4154 2609 4196 ac
2666 4129 2957 4196 maneriis
3014 4132 3192 4197 terris
3248 4147 3313 4199 et
3366 4139 3741 4202 tenementis

881 4228 885 4232 ⁷
968 4267 1040 4308 ac
1083 4241 1303 4307 ceteris
1344 4235 1657 4326 premissis
1700 4259 1844 4302 cum
1888 4235 2289 4324 pertinenciis
2330 4260 2440 4301 seu
2489 4235 2749 4321 al[i]cui
2792 4235 2941 4302 inde
2992 4238 3257 4324 parcelle
3303 4242 3743 4327 quoquomodo

971 4346 1324 4436 spectancia
1379 4357 1444 4410 et
1492 4341 1955 4408 concernencia.
2093 4341 2229 4408 Nec
2274 4365 2403 4406 non
2445 4341 2657 4407 omnia
2712 4343 2879 4408 bona
2921 4343 3169 4409 cattalla
3225 4345 3515 4414 utensilia
3565 4371 3741 4414 orna-

974 4466 1186 4521 menta
1204 4451 1434 4539 jocalia
1480 4465 1544 4515 et
1578 4448 1789 4514 debita
1818 4448 1984 4515 dicte
2014 4447 2230 4514 domui
2273 4447 2404 4515 sive
2445 4448 2743 4536 prioratui
2774 4449 3307 4536 qualitercumque
3337 4452 3549 4520 debita
3574 4479 3744 4543 spec-

3540 4563 3743 4630 tancia
