4295 5410
2244 587 2337 657 28

905 769 975 834 in
1003 768 1381 836 contrarium
1409 766 1589 837 nobis
1618 767 2132 857 competentibus.
2222 765 2311 831 Et
2339 764 2419 831 ad
2440 766 2739 851 majorem
2778 764 2870 829 rei
2900 751 3293 830 securitatem
3336 787 3449 829 nos
3478 763 3684 852 sigilla

903 887 1112 940 nostra
1139 899 1266 940 una
1293 900 1437 941 cum
1467 875 1673 964 sigillo
1703 873 2042 963 supradicti
2071 871 2351 938 officialis
2380 871 2652 959 presenti
2674 870 2902 958 scripto
2923 869 2993 934 in
3020 869 3278 934 modum
3308 869 3681 958 cyrographi

905 979 1185 1046 confecto
1227 995 1449 1046 mutuo
1489 978 1904 1068 apposuimus.
1993 977 2234 1043 Actum
2282 974 2352 1040 in
2398 974 2657 1041 ecclesia
2698 975 2911 1041 Sancti
2941 975 3200 1040 Patricii
3228 975 3473 1041 Dublin
3519 997 3681 1041 anno

905 1084 1112 1172 gracie
1157 1083 1486 1150 millesimo
1517 1082 1941 1148 ducentesimo
1989 1079 2461 1169 quadragesimo
2509 1079 2701 1146 tercio
2734 1110 2746 1130 ι
2777 1079 2932 1146 feria
2959 1079 3179 1166 quinta
3222 1080 3291 1145 in
3336 1082 3685 1148 ebdomoda

910 1189 1164 1256 Pasche.

2163 1413 2423 1485 XXII.

1869 1578 2084 1652 (Βατία
2113 1581 2187 1650 1¹2
2218 1577 2720 1672 jylmttysttnft.

913 1776 922 1782 ·
1089 1739 1347 1806 Mnibus
1369 1739 1604 1806 Christi
1627 1737 1916 1805 fidelibus
1946 1738 2026 1804 ad
2047 1762 2203 1824 quos
2231 1763 2480 1827 presens
2510 1741 2806 1829 scriptum
2838 1741 3191 1829 pervenerit
3210 1742 3686 1809 Bartholomeus

1130 1846 1208 1911 de
1239 1845 1501 1911 Camers,
1528 1843 1809 1910 salutem.
1899 1843 2122 1910 Sciatis
2150 1866 2252 1909 me
2283 1844 2524 1910 dedisse
2566 1847 2931 1913 concessisse
2962 1861 3027 1914 et
3064 1847 3182 1914 hac
3220 1849 3491 1936 presenti
3520 1863 3689 1916 carta

908 1978 1048 2022 mea
1077 1952 1469 2020 confirmasse
1491 1953 1632 2018 Deo
1655 1965 1720 2018 et
1746 1954 1929 2019 beate
1958 1951 2165 2017 Marie
2204 1964 2269 2017 et
2294 1951 2552 2018 ecclesie
2582 1953 2889 2019 Omnium
2916 1954 3285 2020 Sanctorum
3324 1969 3507 2022 extra
3534 1955 3688 2021 civi-

909 2075 1104 2128 tatem
1133 2061 1378 2128 Dublin
1407 2075 1470 2128 et
1497 2059 1812 2127 canonicis
1839 2060 2078 2126 ibidem
2107 2061 2250 2126 Deo
2296 2060 2709 2126 servientibus
2742 2101 2753 2112 ·
2786 2087 2900 2151 pro
2944 2062 3139 2129 salute
3180 2063 3386 2128 anime
3436 2086 3574 2128 mee
3626 2075 3690 2128 et

909 2168 1191 2234 omnium
1221 2182 1673 2233 antecessorum
1703 2179 1767 2232 et
1783 2191 2202 2233 successorum
2232 2190 2513 2232 meorum
2535 2191 2780 2233 necnon
2801 2182 2865 2233 et
2882 2167 3163 2234 omnium
3186 2169 3419 2234 civium
3444 2168 3690 2234 Dublin

911 2289 1137 2339 terram
1165 2273 1339 2339 illam
1368 2297 1555 2359 quam
1577 2273 1779 2338 habeo
1811 2273 1889 2337 de
1919 2272 2084 2337 dono
2115 2271 2540 2360 predictorum
2570 2272 2807 2339 civium
2836 2272 3080 2340 Dublin
3110 2287 3291 2339 extra
3318 2273 3638 2340 civitatem
3672 2313 3684 2326 ·

911 2379 1147 2446 scilicet
1183 2379 1348 2446 inter
1385 2392 1612 2445 terram
1641 2378 2030 2444 infirmorum
2063 2379 2276 2445 Sancti
2312 2379 2617 2468 Stephani
2646 2394 2710 2446 et
2740 2380 2908 2446 viam
2939 2405 3061 2467 que
3092 2381 3295 2447 tendit
3324 2383 3402 2447 ab
3432 2381 3689 2446 ecclesia

915 2485 1127 2552 Sancti
1152 2487 1494 2554 Clementis
1515 2500 1658 2553 ante
1687 2501 1932 2576 portam
1952 2487 2332 2576 prefatorum
2353 2489 2793 2556 canonicorum
2814 2514 3011 2577 usque
3035 2491 3115 2557 ad
3136 2503 3390 2557 stratam
3406 2513 3529 2575 que
3552 2503 3687 2556 ten-

909 2593 1006 2659 dit
1032 2618 1245 2660 versus
1275 2595 1655 2662 Donabroke
1699 2609 1764 2662 et
1806 2595 1971 2662 inter
2021 2598 2284 2663 eandem
2335 2611 2588 2666 stratam
2626 2611 2691 2665 et
2725 2611 2951 2665 terram
2985 2600 3237 2685 [quam]
3270 2596 3492 2686 prefati
3520 2596 3689 2662 cives

914 2699 1222 2766 dederunt
1249 2700 1549 2790 Philippo
1593 2701 1672 2768 de
1701 2701 2028 2793 Wygomt
2061 2740 2075 2755 ·
2105 2703 2460 2771 habendam
2498 2718 2563 2771 et
2600 2705 2934 2771 tenendam
2962 2703 3033 2770 in
3061 2729 3282 2794 puram
3320 2703 3581 2771 liberam
3626 2712 3691 2767 et

911 2821 1277 2895 perpetuam
1306 2807 1708 2874 elemosinam
1735 2834 1882 2875 cum
1912 2810 2200 2877 omnibus
2230 2811 2487 2877 decimis
2515 2826 2579 2878 et
2608 2812 3099 2879 obvencionibus
3121 2811 3200 2877 de
3229 2811 3508 2899 predicta
3527 2821 3691 2874 terra

910 2912 1440 3001 provenientibus,
1504 2912 1853 2979 Reddendo
1882 2912 2030 2979 inde
2053 2914 2377 2979 annuatim
2404 2938 2519 2979 sex
2542 2915 2823 2979 denarios
2850 2914 2920 2979 in
2940 2913 3096 2979 festo
3124 2912 3336 2979 Sancti
3360 2911 3690 2977 Michaelis

911 3018 992 3085 ad
1018 3019 1480 3107 reparacionem
1531 3040 1852 3084 murorum
1882 3019 2127 3085 Dublin
2166 3044 2279 3108 pro
2326 3020 2501 3085 omni
2546 3019 2808 3085 servicio
2859 3019 3020 3085 sicut
3070 3033 3238 3085 carta
3264 3018 3686 3108 predictorum

911 3124 1149 3191 civium
1178 3148 1368 3210 quam
1395 3123 1543 3189 inde
1571 3124 1774 3191 habeo
1795 3137 2073 3190 testatur.
2164 3126 2253 3190 Et
2278 3138 2352 3191 ut
2379 3126 2497 3193 hec
2526 3149 2667 3191 mea
2694 3124 2957 3191 donacio
2986 3137 3051 3190 et
3096 3124 3407 3190 concessio
3452 3136 3584 3188 rata
3628 3136 3695 3187 et

915 3232 1279 3297 inconcussa
1332 3231 1402 3295 in
1452 3243 1770 3319 posterum
1814 3230 2118 3295 habeatur
2168 3242 2518 3317 presentem
2582 3242 2815 3295 cartam
2875 3228 3065 3316 sigilli
3114 3226 3240 3293 mei
3294 3226 3689 3316 apposicione

911 3336 1218 3403 roboravi.
1310 3336 1456 3401 Hiis
1485 3335 1745 3401 testibus
1777 3374 1790 3386 ·
1822 3333 1900 3399 R.
1924 3335 2141 3401 Priore
2173 3335 2251 3400 de
2286 3335 2514 3401 Sancta
2542 3333 2853 3399 Trinitate
2888 3372 2901 3385 ·
2932 3334 3227 3422 magistro
3260 3334 3509 3398 Thoma
3541 3331 3685 3396 -W.

917 3440 1352 3507 archidiacono
1386 3480 1398 3493 ·
1432 3440 1510 3507 R.
1561 3442 1639 3507 de
1669 3441 1895 3507 Wadis
1928 3480 1940 3493 ·
1973 3442 2050 3507 R.
2092 3455 2319 3530 nepote
2369 3465 2511 3507 meo
2544 3480 2556 3493 ·
2588 3441 2877 3507 «Iohanne
2907 3439 3195 3506 Palmero
3230 3478 3242 3491 ·
3271 3438 3557 3505 Gilberto
3587 3437 3691 3502 del

917 3546 1090 3612 Ynet
1120 3584 1133 3599 ·
1167 3546 1505 3635 Radulpho
1535 3547 1613 3613 de
1643 3547 1827 3612 Mora
1859 3586 1871 3598 ·
1904 3547 2203 3636 Wydone
2236 3548 2525 3614 Cornub:
2556 3560 2619 3613 et
2647 3547 2862 3612 multis
2893 3544 3045 3612 aliis.

2150 3858 2448 3932 XXIII.

1842 4022 1956 4097 Be
1991 4024 2201 4093 tantm
2236 4040 2433 4112 supra
2467 4021 2763 4112 proxima.

1094 4184 1355 4251 Mnibus
1392 4183 1630 4251 Christi
1667 4185 1957 4253 fidelibus
2002 4212 2251 4276 presens
2298 4188 2597 4275 scriptum
2644 4188 2867 4253 visuris
2912 4186 3017 4251 vel
3063 4184 3365 4251 audituris
3402 4186 3480 4250 R.
3511 4186 3691 4250 Prior

1136 4287 1442 4356 Omnium
1465 4288 1834 4356 Sanctorum
1853 4292 2095 4359 Dublin
2119 4307 2185 4359 et
2205 4293 2486 4379 ejusdem
2506 4292 2628 4360 loci
2653 4305 2997 4359 conventus
3026 4292 3286 4357 salutem
3304 4289 3372 4355 in
3395 4288 3689 4356 Domino,

911 4396 1230 4464 Noveritis
1258 4419 1370 4460 nos
1398 4396 1717 4461 communi
1747 4421 2049 4465 consensu
2079 4414 2142 4466 et
2172 4424 2419 4466 assensu
2448 4399 2708 4489 capituli
2738 4398 2931 4464 nostri
2961 4397 3201 4464 dedisse
3232 4397 3599 4465 concessisse
3629 4409 3694 4462 et

3422 4500 3692 4587 presenti
