4295 5410
2168 558 2275 631 lvi

919 754 986 806 et
1034 740 1452 807 maneriorum
1523 754 1828 808 terrarum
1886 754 1950 805 et
2001 753 2497 809 tenementorum
2555 765 2628 807 ac
2683 754 3031 807 ceterorum
3088 740 3526 829 premissorum
3583 756 3693 809 aut

917 870 1135 911 eorum
1165 844 1428 931 aliquus
1458 846 1759 911 hactenus
1787 843 2002 910 habita
2029 844 2285 933 cognita
2324 857 2611 930 reputata
2652 844 2784 909 sive
2828 855 3082 931 accepta
3120 844 3354 911 fuerint
3394 845 3525 912 sive
3568 870 3691 932 que

919 975 1062 1017 cum
1094 964 1203 1016 aut
1230 976 1344 1041 pro
1372 950 1607 1017 eisdem
1638 966 1748 1016 aut
1775 975 1990 1017 eorum
2021 951 2233 1038 aliquo
2263 951 2343 1018 ad
2371 951 2615 1017 firmam
2644 950 2896 1017 dimissa
2924 950 3055 1017 sive
3105 950 3307 1017 locata
3349 952 3585 1019 fuerint
3624 968 3689 1019 et

918 1080 1040 1141 que
1087 1056 1167 1122 ad
1213 1079 1434 1121 manus
1477 1070 1714 1121 nostras
1762 1054 2205 1141 quoquomodo
2253 1054 2358 1119 vel
2402 1053 2651 1119 racione
2701 1066 2766 1119 et
2810 1065 3104 1141 pretextu
3148 1053 3579 1121 dissolucionis
3626 1070 3690 1123 et

915 1164 1362 1252 suppressionis
1389 1163 1670 1250 ejusdem
1699 1162 2005 1250 prioratus
2049 1162 2180 1227 sive
2224 1161 2447 1226 domus
2489 1160 2776 1247 religiose
2820 1159 3208 1226 devenerunt
3234 1161 3365 1227 sive
3394 1162 3689 1229 devenire

914 1270 1267 1338 debuerunt
1315 1295 1424 1337 seu
1469 1271 1768 1336 deberent
1818 1294 1890 1336 ac
1961 1268 2031 1333 in
2089 1269 2379 1335 manibus
2425 1267 2649 1333 nostris
2701 1269 2835 1353 jam
2894 1267 3178 1332 existunt
3232 1270 3363 1333 sive
3420 1269 3689 1337 existere

912 1378 1161 1445 debent.
1209 1378 1521 1444 Habenda
1575 1378 1846 1443 tenenda
1902 1376 2307 1464 percipienda
2362 1388 2427 1441 et
2482 1374 2813 1464 gaudenda
2862 1374 3051 1439 situm
3094 1374 3399 1440 ambitum
3442 1390 3507 1441 et
3550 1400 3689 1463 pre-

912 1484 1190 1549 cinctum
1267 1508 1468 1572 nuper
1523 1484 1830 1572 prioratus
1895 1485 2027 1551 sive
2098 1485 2320 1551 domus
2387 1484 2667 1572 predicte
2747 1507 2991 1549 necnon
3054 1483 3265 1549 omnia
3322 1498 3386 1549 et
3442 1483 3690 1571 singula

913 1590 1189 1655 maneria
1215 1590 1561 1677 messuagia
1601 1604 1793 1655 terras
1841 1602 2193 1655 tenementa
2230 1614 2302 1655 ac
2330 1600 2537 1654 cetera
2565 1586 2774 1653 omnia
2811 1600 2877 1653 et
2917 1586 3161 1703 singula
3207 1588 3501 1705 premissa
3542 1612 3686 1655 cum

912 1696 1201 1763 omnibus
1227 1714 1444 1762 eorum
1480 1696 1728 1782 juribus
1755 1696 2050 1761 membris
2094 1707 2160 1759 et
2201 1691 2601 1781 pertinenciis
2628 1690 2866 1778 prefato
2910 1692 3030 1776 maj
3038 1690 3130 1756 ori
3166 1691 3415 1757 ballivis
3440 1692 3567 1757 civl
3549 1693 3686 1759 bus

911 1815 978 1868 et
1003 1801 1436 1868 communitati
1474 1801 1744 1867 civitatis
1786 1812 1995 1865 nostre
2031 1798 2313 1886 predicte
2356 1810 2421 1863 et
2462 1820 2679 1862 eorum
2724 1796 3173 1862 successoribus
3200 1797 3681 1885 imperpetuum.

913 1907 1259 1974 Reddendo
1287 1920 1354 1973 et
1379 1907 1678 1973 solvendo
1707 1907 1856 1973 inde
1895 1909 2074 1973 nobis
2117 1905 2451 1972 heredibus
2496 1918 2560 1970 et
2598 1902 3047 1969 successoribus
3094 1904 3317 1969 nostris
3360 1905 3679 1970 annuatim

906 2012 987 2077 ad
1013 2014 1388 2079 scaccarium
1415 2028 1696 2080 nostrum
1724 2013 2032 2079 Hibernie
2061 2012 2141 2078 ad
2170 2011 2325 2077 festa
2350 2010 2563 2076 Sancti
2595 2008 2925 2075 Michaelis
2964 2010 3320 2101 archangeli
3348 2026 3413 2077 et
3443 2013 3681 2080 Pasche

903 2118 1080 2203 equis
1109 2119 1507 2208 porcionibus
1535 2138 1802 2206 quatuor
1831 2118 2015 2185 libras
2045 2132 2310 2203 quatuor
2351 2117 2579 2182 solidos
2623 2116 2862 2182 obilum
2905 2132 2970 2184 et
3012 2120 3176 2205 quad
3184 2135 3420 2187 tantem
3464 2123 3681 2211 legalis

909 2237 1157 2291 monete
1185 2239 1346 2291 terre
1375 2239 1582 2290 nostre
1613 2225 1920 2291 Hibernie
1963 2224 2219 2290 nomine
2259 2223 2553 2289 vicesime
2597 2224 2789 2311 partis
2832 2225 3115 2291 annualis
3142 2226 3371 2293 valoris
3398 2229 3681 2295 omnium

907 2343 972 2395 et
1013 2330 1400 2419 singulorum
1453 2331 1888 2419 premissorum
1934 2356 2056 2418 que
2102 2330 2283 2396 nobis
2332 2343 2476 2395 ante
2526 2331 2645 2395 hac
2691 2342 2873 2395 extra
2917 2330 3259 2418 prioratum
3306 2349 3371 2399 et
3420 2335 3679 2401 domum

903 2434 1256 2522 predictum
1285 2460 1572 2502 concessa
1595 2437 1832 2502 fuerint
1858 2461 1971 2525 per
1999 2448 2301 2502 statutum
2330 2435 2479 2501 inde
2508 2435 2751 2501 editum
2781 2451 2845 2502 et
2872 2436 3193 2524 provisum
3236 2462 3348 2525 pro
3390 2442 3678 2508 omnibus

905 2538 1041 2605 aliis
1071 2538 1346 2605 serviciis
1375 2540 1816 2605 exaccionibus
1845 2554 1911 2605 et
1951 2538 2275 2604 demandis
2315 2538 2813 2625 quibuscumque
2842 2538 3103 2627 proinde
3134 2541 3313 2607 nobis
3343 2544 3677 2611 heredibus

903 2643 1004 2710 vel
1032 2644 1482 2711 successoribus
1509 2644 1735 2710 nostris
1762 2644 2096 2711 reddendis
2125 2644 2438 2710 solvendis
2456 2643 2559 2710 vel
2587 2644 2905 2711 faciendis.
2938 2646 3252 2713 Volumus
3268 2650 3465 2715 eciam
3485 2664 3550 2717 et
3566 2676 3679 2741 per

905 2765 1218 2838 presentes
1248 2751 1646 2818 concedimus
1682 2751 1916 2816 eisdem
1959 2752 2185 2836 majori
2231 2751 2481 2817 ballivis
2524 2751 2767 2818 civibus
2816 2765 2882 2818 et
2926 2754 3361 2820 communitati
3405 2757 3678 2824 civitatis

903 2871 1109 2924 nostre
1139 2859 1419 2947 predicte
1449 2873 1514 2924 et
1539 2883 1756 2924 eorum
1801 2859 2255 2926 successoribus
2285 2858 2456 2945 quod
2484 2859 2677 2924 iidem
2706 2860 2906 2945 major
2932 2859 3150 2926 ballivi
3194 2861 3363 2926 cives
3406 2877 3469 2927 et
3512 2887 3679 2928 com-

904 2965 1176 3030 munitas
1201 2979 1270 3032 et
1296 2988 1670 3032 successores
1699 2967 1794 3032 sui
1825 2967 2090 3054 predicti
2134 2981 2351 3034 tenore
2389 2968 2774 3056 generalium
2804 2970 3137 3035 verborum
3180 2969 3247 3032 in
3290 2971 3679 3057 presentibus

903 3070 1186 3158 superius
1229 3094 1663 3157 expressorum
1708 3072 1979 3138 habeant
2019 3084 2085 3136 et
2125 3085 2382 3137 teneant
2432 3071 2552 3138 sibi
2594 3086 2660 3137 et
2704 3073 3154 3138 successoribus
3200 3074 3325 3140 suis
3369 3075 3677 3162 prefatum

906 3175 1164 3242 domum
1215 3177 1521 3244 ambitum
1567 3177 1755 3242 situm
1801 3191 1866 3242 et
1909 3177 2300 3265 precinctum
2346 3203 2547 3265 nuper
2594 3178 2899 3266 prioratus
2946 3179 3077 3244 sive
3124 3180 3346 3246 domus
3390 3181 3677 3270 religiose

903 3284 1180 3373 predicte
1243 3309 1490 3351 necnon
1549 3285 1759 3350 omnia
1811 3301 1877 3352 et
1941 3285 2189 3373 singula
2244 3284 2518 3350 maneria
2561 3283 2909 3369 messuagia
2956 3297 3147 3349 terras
3190 3299 3546 3351 tenementa
3604 3311 3675 3352 ac

904 3405 1110 3457 cetera
1153 3390 1362 3456 omnia
1404 3405 1468 3457 et
1513 3391 1761 3479 singula
1809 3390 2105 3480 premissa
2155 3413 2299 3456 cum
2332 3388 2623 3454 omnibus
2650 3412 2867 3453 eorum
2918 3389 3318 3476 pertinenciis
3361 3416 3433 3456 ac
3466 3391 3679 3458 omnia

905 3495 1028 3560 alia
1057 3508 1246 3559 terras
1263 3507 1618 3560 tenementa
1646 3509 1710 3560 et
1731 3494 2226 3560 hereditamenta
2244 3515 2639 3579 quecumque
2668 3493 2748 3558 de
2770 3493 2997 3578 quibus
3020 3493 3337 3560 Walterus
3369 3496 3677 3563 Hancoke

906 3623 1108 3688 nuper
1139 3599 1316 3664 Prior
1345 3599 1650 3688 prioratus
1693 3601 1825 3665 sive
1869 3600 2090 3665 domus
2133 3598 2423 3686 religiose
2469 3597 2774 3662 Omnium
2824 3596 3196 3664 Sanctorum
3246 3601 3523 3687 predicte
3570 3619 3679 3670 aut

905 3702 1132 3788 aliquis
1171 3701 1332 3767 alius
1377 3701 1874 3789 predecessorum
1921 3725 2179 3766 suorum
2223 3700 2503 3788 priorum
2550 3701 2829 3786 ejusdem
2880 3701 3100 3768 domus
3156 3729 3435 3790 unquam
3484 3708 3677 3774 seisiti

905 3807 1160 3874 fuerunt
1186 3806 1254 3871 in
1276 3807 1418 3892 jure
1449 3830 1650 3894 nuper
1677 3808 1984 3894 prioratus
2013 3807 2146 3872 sive
2177 3807 2399 3871 domus
2428 3805 2704 3893 predicte
2735 3807 2889 3872 adeo
2920 3808 3104 3893 plene
3132 3821 3197 3875 et
3236 3812 3479 3901 integre
3508 3840 3581 3882 ac
3607 3817 3677 3882 in

909 3930 1038 3982 tam
1067 3914 1289 4002 amplis
1319 3915 1505 3980 modo
1535 3931 1600 3980 et
1626 3915 1824 3980 forma
1852 3940 1923 3982 ac
1959 3913 2012 3979 si
2053 3914 2163 3980 illa
2190 3927 2255 3979 et
2298 3937 2514 3980 eorum
2558 3913 2839 4000 quelibet
2880 3915 3147 4003 parcella
3173 3918 3290 3982 sub
3318 3919 3678 4006 specialissi-

793 4078 797 4082 .
909 4045 1154 4086 morum
1184 4035 1249 4086 et
1275 4021 1756 4087 certissimorum
1785 4024 2116 4089 verborum
2150 4036 2257 4088 aut
2286 4022 2691 4087 terminorum
2722 4021 2791 4085 in
2816 4022 2973 4109 legis
3002 4036 3215 4090 tenore
3250 4037 3315 4090 et
3340 4039 3526 4113 prout
3566 4027 3675 4094 lex

911 4141 1020 4194 aut
1046 4127 1214 4215 rigor
1251 4127 1412 4212 juris
1441 4128 1800 4214 expostulat
1826 4143 1892 4195 et
1918 4130 2182 4216 requirit
2224 4129 2475 4219 prefatis
2504 4129 2723 4215 majori
2753 4129 2999 4196 ballivis
3026 4131 3271 4198 civibus
3309 4149 3375 4199 et
3401 4159 3676 4202 commu·

909 4230 1091 4296 nitati
1120 4231 1391 4297 civitatis
1420 4246 1626 4298 nostre
1654 4232 1931 4319 predicte
1963 4245 2027 4297 et
2053 4257 2269 4298 eorum
2308 4233 2759 4301 successoribus
2790 4235 3097 4304 declarata
3124 4261 3413 4306 concessa
3438 4259 3505 4307 et
3532 4244 3677 4310 data

907 4337 1170 4404 fuissent
1198 4359 1308 4425 per
1336 4350 1650 4426 presentes
1679 4353 1743 4403 et
1771 4337 1925 4404 adeo
1955 4337 2138 4425 plene
2168 4351 2233 4403 et
2260 4337 2503 4425 integre
2534 4363 2605 4405 ac
2638 4340 2707 4404 in
2736 4353 2863 4406 tam
2895 4343 3116 4429 amplis
3159 4346 3346 4412 modo
3374 4359 3439 4412 et
3479 4348 3679 4416 forma

3495 4471 3683 4542 prout
