4295 5410
2268 603 2359 697 56

943 787 1088 852 Hiis
1117 786 1374 852 testibus
1408 824 1421 837 ·
1452 784 1708 850 domino
1737 782 1816 848 G.
1849 782 2285 848 archidiacono
2316 783 2559 848 Dublin
2592 821 2605 834 ·
2637 782 2981 848 Benedicto
3010 781 3307 874 canonico
3340 778 3551 846 Sancti
3580 779 3703 844 Pa-

939 891 1102 958 tricii
1130 929 1142 941 ·
1167 888 1510 956 Benedicto
1554 886 1777 952 clerico
1820 885 2155 951 camerario
2177 886 2417 951 domini
2454 886 2619 974 regis
2646 886 2715 951 in
2744 887 3054 954 Hibernia.
3079 926 3092 938 ·
3115 887 3159 954 J
3160 888 3392 954 ordano
3422 886 3661 953 Locard
3688 925 3703 936 ·

946 996 1199 1063 Simone
1229 995 1541 1062 Murdach
1566 1033 1579 1045 ·
1603 993 1898 1082 magistro
1932 993 2188 1060 Simone
2216 1007 2282 1061 et
2306 994 2521 1060 multis
2550 994 2703 1062 aliis.

2174 1299 2457 1374 LVIII.

1633 1484 1984 1560 Relaxatiu
2019 1485 2289 1559 tenuitas
2322 1495 2482 1558 tutte
2518 1483 2997 1576 suptaptuximt.

1135 1672 1200 1736 N
1200 1673 1412 1741 iversis
1457 1686 1663 1741 sancte
1708 1674 1920 1741 matris
1965 1674 2224 1741 ecclesie
2250 1673 2397 1738 filiis
2443 1673 2523 1740 ad
2552 1696 2705 1759 quos
2744 1685 3055 1761 presentes
3091 1673 3269 1738 litere
3312 1673 3710 1760 pervenerint

1180 1781 1444 1848 Mabilia
1477 1781 1610 1848 filia
1639 1780 2000 1869 Reymundi
2045 1780 2343 1846 Labaunc
2384 1778 2602 1845 relicta
2630 1779 2864 1868 Rogeri
2908 1780 2987 1845 de
3031 1778 3407 1867 Mesyntona
3446 1779 3709 1846 salutem

944 1886 1013 1950 in
1043 1886 1334 1951 Domin0.
1420 1885 1686 1950 Noverit
1722 1885 2090 1950 universitas
2129 1896 2334 1950 vestra
2375 1908 2479 1950 me
2516 1885 2585 1949 in
2624 1885 2907 1973 legitima
2949 1885 3256 1952 viduitate
3300 1911 3440 1952 mea
3468 1887 3710 1952 dedisse

947 1991 1312 2058 concessisse
1357 2003 1422 2056 et
1459 1990 1669 2076 quiete
1703 1990 2011 2056 relaxasse
2055 1989 2261 2055 Priori
2290 2003 2355 2055 et
2392 1991 2729 2056 conventui
2760 1991 2978 2056 domus
3009 1991 3313 2057 Omnium
3346 1992 3713 2058 Sanctorum

935 2098 1127 2184 juxta
1155 2097 1397 2163 Dublin
1426 2096 1754 2162 dimidiam
1779 2120 2050 2162 marcam
2094 2095 2287 2162 annui
2316 2095 2596 2162 redditus
2626 2121 2811 2183 quam
2855 2096 3051 2162 michi
3080 2097 3232 2163 dicti
3262 2098 3443 2163 Prior
3470 2111 3535 2163 et
3560 2122 3708 2164 con·

945 2220 1168 2269 ventus
1209 2204 1446 2269 solvere
1484 2217 1940 2268 consueverunt
1979 2203 2059 2268 de
2103 2227 2228 2288 qua
2270 2203 2469 2268 eciam
2497 2202 2760 2268 dimidia
2795 2227 3003 2268 marca
3045 2202 3114 2266 in
3141 2203 3339 2270 libero
3384 2203 3709 2292 maritagio

945 2310 1147 2376 dictus
1170 2310 1582 2399 Reymundus
1604 2324 1780 2400 pater
1807 2335 1982 2377 meus
2009 2334 2112 2377 me
2141 2325 2206 2376 et
2232 2311 2490 2376 heredes
2518 2334 2687 2376 meos
2708 2309 2965 2377 feofavit
2988 2349 3002 2362 ·
3027 2310 3377 2377 habendam
3406 2325 3470 2377 et
3494 2324 3712 2376 tenen-

945 2417 1092 2482 dam
1119 2417 1239 2484 sibi
1268 2430 1332 2483 et
1359 2418 1808 2483 successoribus
1837 2418 1962 2484 suis
1992 2419 2070 2484 de
2099 2443 2201 2484 me
2230 2432 2295 2484 et
2321 2419 2656 2484 heredibus
2699 2418 2853 2485 meis
2883 2418 3075 2485 libere
3116 2419 3325 2505 quiete
3353 2417 3609 2506 pacifice
3646 2433 3713 2482 et

945 2522 1284 2588 honorifice
1313 2546 1458 2588 cum
1479 2521 1785 2610 homagiis
1814 2522 2068 2588 escaetis
2096 2536 2162 2588 et
2183 2523 2471 2589 omnibus
2499 2523 2888 2590 libertatibus
2916 2537 2982 2590 et
3006 2523 3218 2589 liberis
3246 2523 3710 2590 consuetudini-

945 2629 1062 2692 bus
1089 2627 1284 2693 michi
1313 2641 1378 2693 et
1403 2628 1737 2695 heredibus
1765 2629 1919 2695 meis
1947 2631 2421 2719 pertinentibus.
2510 2631 2610 2697 Ita
2644 2632 2814 2719 quod
2841 2656 2959 2698 nec
2995 2657 3114 2722 ego
3151 2655 3268 2698 nec
3301 2631 3558 2698 heredes
3584 2631 3711 2696 mei

945 2758 1062 2800 nec
1092 2734 1314 2822 aliquis
1342 2735 1596 2801 nomine
1616 2748 1825 2801 nostro
1855 2736 2092 2823 aliquid
2114 2738 2275 2822 juris
2314 2739 2417 2805 vel
2445 2738 2656 2806 clamii
2695 2740 2951 2828 exigere
2978 2739 3207 2807 habere
3236 2763 3348 2805 seu
3384 2738 3713 2805 vendicare

945 2840 1014 2904 in
1045 2840 1211 2907 dicta
1248 2840 1512 2907 dimidia
1555 2866 1762 2908 marca
1799 2844 1990 2909 annui
2029 2846 2310 2911 redditus
2356 2871 2501 2912 cum
2545 2846 2944 2934 pertinenciis
2983 2846 3061 2912 de
3106 2860 3311 2913 cetero
3353 2844 3710 2933 poterimus.

946 2946 1089 3035 Ego
1118 2970 1266 3013 vero
1296 2947 1463 3013 dicta
1492 2947 1757 3014 Mabilia
1785 2963 1850 3015 et
1875 2949 2133 3017 heredes
2161 2952 2289 3017 mei
2318 2953 2501 3018 dictis
2530 2952 2735 3018 Priori
2764 2966 2829 3018 et
2856 2952 3195 3018 conventui
3222 2967 3287 3019 et
3314 2975 3530 3017 eorum
3574 2974 3710 3015 suc-

948 3054 1288 3120 cessoribus
1313 3054 1544 3120 dictam
1567 3055 1891 3122 dimidiam
1913 3082 2184 3124 marcam
2213 3084 2359 3125 cum
2382 3059 2506 3125 suis
2534 3058 2934 3147 pertinenciis
2956 3070 3171 3123 contra
3192 3079 3403 3122 omnes
3431 3052 3713 3119 homines

949 3172 1014 3224 et
1055 3158 1316 3225 feminas
1358 3161 1912 3229 warantizabimus.
2000 3166 2080 3230 In
2108 3167 2208 3251 cuj
2216 3191 2287 3231 us
2337 3167 2428 3233 rei
2468 3165 2895 3232 testimonium
2933 3176 3245 3253 presentes
3286 3161 3495 3225 literas
3522 3156 3712 3245 sig-illi

947 3266 1074 3331 mei
1101 3266 1505 3354 impressione
1534 3267 1696 3331 duxi
1731 3269 2123 3335 roborandas.
2214 3269 2452 3336 Datum
2482 3269 2725 3337 Dublin
2756 3269 2859 3335 die
2887 3268 2931 3335 J
2933 3268 3065 3333 ovis
3107 3265 3399 3355 proxima
3426 3275 3568 3328 ante
3594 3260 3713 3326 fes-

949 3390 1084 3441 tum
1117 3376 1485 3443 Sanctorum
1516 3375 1801 3442 Tiburcii
1831 3390 1896 3443 et
1923 3376 2248 3445 Valeriani
2278 3402 2440 3445 anno
2468 3376 2647 3467 regni
2676 3376 2839 3465 regis
2861 3374 3160 3442 Edwardi
3190 3370 3669 3439 tercio-decimo

2230 3726 2434 3799 LIX.

1850 3912 1964 3986 we
1997 3916 2198 3985 tantm
2232 3914 2464 3987 testim
2496 3912 2811 3987 relaxatio.

1127 4100 1386 4167 Mnibus
1410 4098 1646 4165 Christi
1674 4098 1964 4166 fidelibus
1992 4099 2103 4165 has
2130 4100 2339 4167 literas
2366 4100 2589 4165 visuris
2618 4100 2721 4165 vel
2749 4099 3051 4166 audituris
3078 4100 3122 4165 J
3124 4099 3369 4165 ohanna
3394 4097 3526 4163 filia
3547 4096 3717 4184 Reya

1168 4204 1391 4270 mundi
1423 4204 1723 4271 Labaunc
1767 4205 2076 4272 salutem
2058 4231 2127 4270 m
2158 4206 2453 4271 Domino.
2540 4205 2855 4271 Noveritis
2900 4230 3001 4271 me
3048 4204 3413 4271 concessisse
3460 4202 3716 4269 omnino

950 4313 1254 4381 remisisse
1298 4323 1363 4377 et
1400 4311 1684 4397 quietum
1726 4311 2017 4378 clamasse
2047 4311 2251 4377 Priori
2281 4324 2346 4377 et
2393 4311 2731 4379 conventui
2760 4312 2980 4377 domus
3011 4311 3314 4377 Omnium
3348 4310 3718 4377 Sanctorum

945 4422 1137 4507 juxta
1145 4416 1388 4484 Dublin
1409 4420 1536 4505 [et]
1567 4441 1784 4484 eorum
1812 4417 2263 4484 successoribus
2282 4429 2487 4484 totum
2502 4418 2609 4504 jus
2630 4431 2695 4485 et
2715 4417 3009 4485 cla-mium
3031 4418 3083 4484 si
3106 4417 3277 4503 quod
3302 4415 3496 4482 habui
3518 4414 3619 4480 vel
3649 4414 3717 4477 in

3402 4536 3715 4611 posterum
