4295 5410
1981 660 2020 734 3

608 829 673 880 et
699 828 982 881 extreme
1012 814 1320 880 voluntati
1350 814 1460 901 qui
1501 837 1564 881 se
1593 814 1724 880 illic
1763 816 2010 904 sepeliri
2042 817 2524 885 deliberaverint
2557 858 2570 871 ·
2601 819 2721 885 nisi
2750 819 2907 886 forte
2953 822 3387 887 excommuni-

607 920 732 986 cati
761 920 866 986 vel
885 919 1204 986 interdicti
1229 934 1336 986 aut
1358 920 1609 1008 publice
1638 921 1902 988 usurarii
1932 921 2058 988 sint
2090 961 2102 974 ·
2133 924 2345 989 nullus
2376 923 2647 991 obsistat.
2698 925 2885 991 Salva
2905 938 3114 992 tamen
3135 927 3389 1014 justicia

604 1027 855 1094 illarum
883 1028 1280 1094 ecclesiarum
1310 1053 1347 1094 a
1375 1030 1604 1114 quibus
1631 1043 2019 1096 mortuorum
2043 1056 2305 1120 corpora
2334 1046 2747 1098 assumuntur.
2785 1034 3077 1099 Decimas
3106 1048 3385 1122 preterea

605 1148 670 1202 et
697 1134 1106 1222 possessiones
1145 1134 1224 1200 ad
1243 1134 1350 1219 jus
1379 1134 1780 1200 ecclesiarmn
1809 1148 2154 1200 vestrarum
2184 1149 2531 1222 spectantes
2564 1173 2577 1186 ·
2610 1159 2733 1220 que
2762 1160 2799 1200 a
2825 1135 2998 1202 laicis
3027 1137 3385 1204 detinentur

607 1241 957 1306 redimendi
986 1255 1052 1305 et
1071 1239 1350 1326 legitime
1379 1239 1688 1306 liberandi
1719 1240 1798 1305 de
1820 1240 2108 1307 manibus
2139 1265 2357 1306 eorum
2391 1279 2403 1292 ·
2436 1256 2501 1306 et
2530 1241 2610 1306 ad
2636 1241 2924 1308 ecclesias
2952 1243 3033 1308 ad
3062 1267 3213 1329 quas
3242 1268 3380 1332 per-

609 1346 814 1412 tinent
839 1345 1174 1411 revocandi
1202 1344 1399 1410 libera
1427 1345 1508 1410 sit
1535 1345 1714 1410 vobis
1743 1345 1821 1410 de
1845 1361 2053 1410 nostra
2081 1348 2448 1412 auctoritate
2476 1346 2753 1412 facultas.

737 1453 1034 1520 Obeunte
1061 1451 1304 1518 vero'te
1319 1452 1502 1519 ‘nunc
1529 1452 1809 1538 ejusdem
1839 1453 1960 1518 loci
1993 1454 2210 1520 Priore
2240 1455 2342 1520 vel
2372 1468 2624 1519 tuorum
2654 1451 2935 1540 quolibet
2964 1475 3379 1521 successorum

603 1559 814 1624 nullus
833 1559 925 1626 ibi
944 1559 1224 1646 qualibet
1243 1561 1655 1648 surrepcionis
1677 1562 1912 1629 astucia
1931 1586 2040 1627 seu
2061 1563 2373 1630 violencia
2388 1577 2766 1651 preponatur
2787 1601 2801 1615 ·
2820 1562 2939 1627 nisi
2964 1586 3147 1648 quem
3167 1563 3381 1628 fratres

607 1665 926 1732 communi
954 1689 1258 1732 consensu
1296 1667 1400 1732 vel
1428 1666 1690 1732 fratrum
1733 1668 1931 1754 major
1959 1693 2098 1756 pars
2135 1669 2381 1735 consilii
2411 1669 2667 1734 sanioris
2708 1669 3052 1735 secundum
3082 1667 3292 1734 Deum
3320 1684 3387 1735 et

607 1770 776 1838 beati
803 1769 1152 1858 Augustini
1181 1771 1462 1858 regulam
1491 1771 1881 1860 providerint
1909 1773 2293 1860 eligendum.
2382 1774 2534 1840 Paci
2564 1799 2813 1861 quoque
2856 1788 2923 1840 et
2948 1775 3384 1861 tranquillitati

605 1891 806 1942 vestre
837 1891 1093 1964 paterna
1120 1876 1187 1941 in
1210 1891 1525 1965 posterum
1549 1879 1968 1945 sollicitudine
1997 1880 2327 1968 providere
2350 1881 2629 1946 volentes
2659 1881 3021 1947 auctoritate
3052 1882 3388 1969 apostolica

603 1987 1006 2076 prohibemus
1047 2000 1122 2050 ut
1146 1984 1312 2051 infra
1356 1985 1668 2052 clausuras
1695 1986 1970 2052 locorum
2020 2011 2130 2056 seu
2158 1987 2560 2075 grangiarum
2599 2001 2943 2053 vestrarum
2982 1987 3190 2052 nullus
3220 1989 3382 2076 rapi-

605 2117 752 2159 nam
781 2117 890 2158 seu
909 2093 1148 2158 furtum
1169 2094 1371 2160 facere
1403 2132 1417 2146 ·
1447 2094 1663 2182 ignem
1694 2119 2006 2183 apponere
2039 2134 2051 2147 ·
2084 2096 2454 2184 sanguinem
2475 2095 2735 2161 fiindere
2762 2134 2775 2146 ·
2807 2095 3127 2160 hominem
3150 2110 3383 2162 temere

605 2221 826 2285 capere
847 2196 952 2262 vel
971 2197 1320 2262 interficere
1343 2234 1356 2247 ·
1377 2221 1486 2262 seu
1505 2198 1880 2264 violenciam
1902 2199 2128 2265 audeat
2145 2225 2491 2267 excercere.
2528 2201 2939 2268 Decernimus
2961 2225 3111 2290 ergo
3131 2216 3205 2266 ut
3225 2203 3385 2268 nulli

605 2305 862 2371 omnino
883 2305 1211 2369 hominum
1228 2303 1414 2369 liceat
1444 2303 1746 2390 prefatam
1774 2304 2096 2371 ecclesiam
2113 2317 2347 2371 temere
2376 2308 2737 2394 perturbare
2767 2318 2875 2372 aut
2891 2307 3025 2391 ejus
3053 2306 3379 2394 possessio-

604 2437 716 2478 nes
744 2411 982 2478 auferre
1005 2449 1018 2462 ·
1038 2411 1142 2476 vel
1161 2410 1394 2476 ablatas
1423 2409 1692 2475 retinere
1714 2447 1728 2462 ·
1747 2409 2030 2475 minuere
2065 2433 2175 2474 seu
2204 2410 2587 2494 quibuslibet
2613 2409 3064 2476 vexacionibus
3085 2411 3343 2500 fatigare
3365 2451 3378 2461 ·

607 2518 717 2584 sed
745 2517 956 2583 omnia
983 2517 1228 2604 integra
1266 2527 1710 2580 conserventur
1737 2537 1954 2579 eorum
1998 2537 2111 2601 pro
2149 2517 2483 2599 qu0[rum]
2515 2513 2975 2603 gubemacione
3004 2537 3113 2579 seu
3148 2529 3383 2580 susten-

604 2624 849 2690 tacione
879 2645 1164 2688 concessa
1206 2633 1352 2685 sunt
1379 2619 1594 2684 usibus
1623 2617 1997 2682 omnimodis
2037 2617 2378 2704 profutura.
2448 2619 2635 2686 Salva
2670 2619 2833 2685 sedis
2862 2619 3195 2707 apostolice
3240 2645 3383 2686 auc-

604 2730 854 2797 toritate
883 2744 947 2795 et
975 2727 1286 2793 diocesani
1316 2725 1594 2814 episcopi
1625 2723 1922 2791 canonica
1940 2725 2213 2811 justicia.

740 2836 810 2903 Si
839 2860 964 2921 qua
990 2834 1186 2924 igitur
1213 2834 1280 2899 in
1301 2832 1584 2898 futurum
1605 2830 2019 2897 ecclesiastica
2047 2830 2415 2898 secularisve
2444 2855 2705 2920 persona
2732 2832 2893 2897 hanc
2920 2847 3126 2898 nostre
3154 2833 3383 2899 consti-

603 2940 872 3010 tucionis
894 2940 1187 3029 paginam
1216 2938 1416 3004 sciens
1435 2951 1653 3003 contra
1679 2960 1818 3001 eam
1837 2949 2070 3001 temere
2097 2937 2313 3002 venire
2344 2938 2742 3024 temptaverit
2762 2976 2775 2989 ·
2807 2939 3080 3004 secundo
3110 2941 3380 3006 terciove

607 3047 986 3114 commonita
1015 3046 1134 3110 nisi
1164 3060 1405 3111 reatum
1443 3067 1627 3109 suum
1665 3066 1944 3131 congrua
1981 3043 2393 3109 satisfactione
2432 3044 2773 3109 correxerit
2798 3082 2811 3097 ·
2835 3045 3155 3132 potestatis
3182 3046 3380 3112 hono-

605 3156 812 3243 risque
843 3156 1004 3242 [sui]
1037 3170 1242 3221 careat
1270 3154 1576 3243 dignitate
1609 3191 1624 3205 ·
1654 3178 1949 3240 reamque
1994 3178 2057 3219 se
2088 3154 2306 3220 divino
2327 3155 2571 3240 judicio
2614 3156 2884 3221 existere
2914 3156 2993 3222 de
3030 3170 3381 3244 perpetrata

608 3262 939 3349 iniquitate
989 3272 1322 3348 cognoscat
1371 3298 1384 3310 ·
1427 3273 1492 3324 et
1539 3282 1576 3324 a
1624 3258 2032 3323 sacratissimo
2091 3283 2347 3346 corpore
2398 3274 2463 3325 et
2507 3259 2807 3348 sanguine
2844 3258 2969 3325 Dei
3014 3272 3079 3325 et
3119 3259 3379 3326 Domini

607 3374 1013 3462 redemptoris
1041 3372 1234 3437 nostri
1263 3372 1462 3437 Jhesu
1482 3370 1718 3436 Christi
1749 3370 1951 3435 aliena
1971 3368 2082 3433 fiat
2113 3407 2125 3419 ·
2160 3382 2345 3455 atque
2374 3368 2442 3433 in
2471 3384 2754 3434 extremo
2782 3368 3073 3433 examine
3103 3368 3380 3435 districte

606 3482 922 3567 subjaceat
968 3477 1214 3543 ultioni.
1304 3477 1565 3543 Cunctis
1625 3490 1834 3542 autem
1893 3474 2098 3540 eidem
2144 3476 2285 3541 loco
2342 3498 2452 3540 sua
2489 3476 2635 3561 jura
2684 3474 3070 3539 servantibus
3128 3474 3207 3539 sit
3252 3499 3381 3563 pax

605 3586 846 3652 domini
874 3586 1070 3651 nostri
1091 3586 1134 3650 J
1135 3586 1290 3651 hesu
1311 3584 1584 3651 Christi·
1611 3583 1902 3670 quatinus
1927 3598 1990 3648 et
2009 3582 2115 3648 hic
2137 3582 2411 3649 fructum
2432 3586 2596 3650 bone
2625 3582 2885 3649 actionis
2914 3581 3295 3669 percipiant·
3283 3597 3381 3649 ·et

609 3692 778 3780 apud
810 3690 1160 3756 districtum
1183 3690 1466 3775 judicem
1499 3689 1738 3777 premia
1782 3702 1992 3754 eterne
2039 3686 2209 3775 pacis
2236 3688 2605 3753 inveniant·
2639 3712 2838 3753 amen.
2880 3687 3116 3752 Datum
3140 3688 3379 3775 Spoleti

607 3793 1279 3885 &emeda-Man
1331 3792 1596 3882 septimo
1647 3793 2044 3858 calendarum
2078 3791 2504 3879 Septembris·
2536 3792 2890 3858 Indictione
2920 3793 3027 3858 vii.
3088 3794 3377 3859 Incarna-

608 3903 806 3970 cionis
835 3900 1149 3968 dominice
1197 3923 1360 3966 anno
1412 3898 1744 3965 millesimo
1789 3896 2075 3983 ccxxiiij.
2109 3897 2488 3984 [ccxxxiiij]
2521 3897 2928 3964 Pontificatus
2976 3896 3170 3963 nostri
3217 3920 3379 3963 anno

611 4024 850 4077 octavo.
