4295 5410
1955 648 2030 696 11

1897 929 2074 1006 VII.

607 1115 794 1210 glum
827 1128 1179 1208 seqnnumt
1214 1117 1626 1209 iusptttinuzs
1661 1127 1724 1190 tt
1766 1119 2269 1192 tnufltmatinuzs
2304 1119 2567 1210 megum
2612 1137 2751 1192 tum
2782 1119 3043 1194 hibetsis
3078 1121 3375 1195 immuni-

609 1235 852 1310 tatibus
887 1249 944 1310 tt
973 1235 1396 1312 libertatibus.
1499 1238 1600 1311 Qsst
1632 1238 1832 1329 primu
1865 1237 2151 1314 Domini
2184 1239 2491 1312 &sinatus
2522 1242 2633 1314 st.

773 1425 1082 1490 Dwardus
1121 1423 1243 1489 Dei
1288 1424 1499 1512 gracia
1537 1425 1682 1490 Rex
1717 1425 1955 1514 Anglie
1985 1427 2276 1494 dominus
2306 1427 2614 1494 Hibernie
2656 1423 2725 1494 et
2762 1429 2897 1494 dux
2936 1429 3323 1515 Aquitannie
3356 1467 3369 1482 ·

813 1530 1322 1618 Archiepiscopis
1349 1532 1655 1619 episcopis
1685 1534 2012 1606 abbatibus
2042 1536 2352 1622 prioribus
2381 1536 2713 1601 comitibus
2740 1537 3075 1602 baronibus
3088 1537 3369 1623 justicia-

607 1640 712 1706 riis
730 1638 1202 1705 vicecomitibus
1223 1639 1552 1727 prepositis
1573 1641 1872 1706 ministris
1893 1657 1957 1708 et
1977 1644 2267 1709 omnibus
2284 1643 2531 1709 ballivis
2552 1657 2617 1709 et
2638 1643 2927 1709 fidelibus
2948 1643 3073 1709 suis
3094 1643 3375 1710 salutem.

603 1745 1002 1833 Inspeximus
1059 1757 1292 1810 cartam
1349 1769 1536 1831 quam
1584 1744 1874 1814 dominus
1921 1746 2235 1814 Henricus
2283 1748 2600 1834 quondam
2640 1749 2785 1814 Rex
2822 1749 3059 1837 Anglie
3103 1773 3371 1838 proavus

605 1865 814 1915 noster
839 1849 988 1915 fecit
1016 1849 1271 1916 ecclesie
1303 1850 1607 1917 Omnium
1641 1852 2011 1918 Sanctorum
2041 1855 2111 1919 in
2150 1855 2436 1922 orientali
2481 1869 2655 1944 parte
2684 1855 2927 1923 Dublin
2974 1871 3039 1922 et
3064 1858 3377 1925 canonicis

607 1958 846 2026 ibidem
875 1957 1016 2026 Deo
1045 1957 1458 2025 servientibus
1490 1997 1503 2010 ·
1535 1959 1604 2024 in
1624 1959 1742 2028 hec
1770 1961 1979 2028 verba.

735 2064 1048 2130 Henricus
1071 2064 1197 2130 Dei
1223 2065 1432 2153 gracia
1461 2065 1606 2132 Rex
1633 2067 1872 2155 Anglie
1901 2080 1967 2134 et
1994 2067 2130 2134 dux
2160 2067 2541 2134 Normannie
2568 2082 2635 2134 et
2662 2067 3052 2154 Aquitannie
3080 2081 3147 2135 et
3172 2073 3377 2137 comes

607 2170 982 2258 Andegavie
1015 2209 1028 2226 ·
1060 2171 1568 2260 Archiepiscopis
1615 2174 1921 2262 episcopis
1971 2175 2300 2244 abbatibus
2343 2174 2676 2242 comitibus
2720 2175 3055 2243 baronibus
3091 2175 3373 2261 justicia-

605 2281 714 2348 riis
753 2279 1226 2346 vicecomitibus
1263 2293 1328 2348 et
1365 2279 1656 2347 omnibus
1713 2278 2010 2346 ministris
2053 2294 2117 2346 et
2151 2280 2443 2347 fidelibus
2488 2280 2615 2346 suis
2654 2280 2933 2346 Franciis
2972 2281 3261 2368 Anglicis
3306 2295 3372 2348 et

610 2385 1133 2452 Hiberniensibus
1177 2384 1457 2451 salutem.
1549 2384 1771 2454 Sciatis
1816 2409 1918 2452 me
1949 2385 2191 2456 dedisse
2237 2398 2303 2452 ct
2338 2387 2705 2454 concessisse
2751 2401 2816 2452 et
2858 2385 2976 2452 hac
3024 2401 3192 2452 carta
3238 2411 3377 2453 mea

608 2487 998 2562 confirmasse
1037 2489 1294 2558 ecclesie
1335 2488 1640 2556 Omnium
1673 2489 2043 2554 Sanctorum
2071 2488 2140 2552 in
2178 2488 2463 2557 orientali
2501 2505 2675 2577 parte
2700 2489 2945 2556 Dublin
2973 2503 3038 2557 et
3064 2491 3376 2558 canonicis

607 2594 847 2661 ibidem
891 2595 1030 2660 Deo
1085 2593 1496 2662 servientibus
1540 2595 1651 2660 has
1697 2608 1888 2662 terras
1933 2594 2175 2663 scilicet
2206 2632 2219 2647 ·
2252 2594 2753 2684 Balencongalan
2787 2634 2799 2647 ·
2833 2597 3115 2662 Kanturc
3148 2635 3161 2648 ·
3194 2597 3374 2662 Dun-

607 2726 828 2773 carnac
861 2742 874 2759 ·
907 2701 1320 2791 Baledubgall
1352 2742 1366 2755 ·
1398 2703 1789 2792 Rubanagan
1821 2742 1834 2755 ·
1870 2702 2272 2771 Cnoclislann
2304 2744 2317 2761 ·
2352 2703 2714 2771 Kaldronan
2745 2744 2759 2757 ·
2790 2705 2859 2771 in
2904 2719 3265 2793 perpetuam
3312 2718 3377 2771 et

603 2836 824 2901 puram
853 2811 1250 2877 elemosinam
1271 2832 1382 2899 pro
1411 2811 1608 2879 salute
1637 2810 1844 2876 anime
1873 2834 2011 2879 mee
2039 2823 2106 2877 et
2135 2824 2589 2877 antecessorum
2618 2833 2897 2875 meorum
2920 2834 3097 2875 -cum
3116 2809 3373 2876 decimis

605 2932 672 2987 et
699 2918 970 3005 antiquis
999 2918 1278 2985 terminis
1315 2932 1380 2983 et
1407 2918 1546 2985 aliis
1587 2917 1798 2985 liberis
1845 2917 2400 2986 consuetudinibus
2444 2916 2571 2983 suis
2602 2956 2617 2969 ·
2648 2916 2809 2982 sicut
2836 2915 3056 2981 melius
3085 2928 3229 2982 ante
3267 2916 3375 2982 ad-

606 3038 868 3089 ventum
911 3047 1122 3089 meum
1167 3024 1236 3088 in
1278 3023 1650 3089 Hiberniam
1687 3022 1926 3089 habuit.
2015 3023 2228 3103 Quare
2272 3022 2417 3091 volo
2467 3036 2532 3089 et
2578 3022 2839 3088 firmiter
2882 3020 3159 3110 precipio
3206 3022 3377 3108 quod

606 3129 908 3219 prefatam
937 3128 1258 3197 ecclesiam
1287 3141 1351 3195 et
1377 3130 1707 3195 canonicos
1735 3153 1877 3195 suos
1906 3142 1970 3199 et
1999 3152 2216 3197 omnes
2244 3152 2341 3197 res
2369 3142 2434 3195 et
2460 3142 2650 3193 terras
2676 3152 2815 3194 suas
2836 3128 3285 3193 manuteneatis
3313 3142 3378 3194 et

606 3235 967 3307 custodiatis
995 3248 1060 3301 et
1087 3234 1422 3323 protegatis
1455 3274 1468 3289 ·
1500 3234 1738 3303 nullam
1785 3234 1904 3302 sibi
1933 3234 2038 3303 vel
2073 3236 2261 3301 rebus
2306 3234 2432 3301 suis
2468 3234 2765 3321 injuriam
2807 3232 2909 3299 vel
2936 3233 3377 3301 contumeliam

603 3342 898 3419 facientes
937 3364 1054 3407 nec
1091 3342 1171 3409 ab
1200 3340 1410 3425 aliquo
1437 3340 1573 3407 fieri
1604 3340 2050 3429 permittentes.
2142 3341 2255 3409 Set
2290 3340 2343 3407 si
2372 3340 2511 3427 quis
2552 3341 2671 3407 sibi
2700 3340 2768 3405 in
2797 3339 3005 3426 aliquo
3034 3340 3379 3406 forefecerit

605 3447 946 3537 plenariam
963 3447 1112 3516 inde
1141 3447 1274 3513 sine
1295 3447 1602 3515 dilacione
1615 3448 1932 3535 justiciam
1949 3447 2189 3520 faciatis
2216 3462 2282 3516 et
2300 3449 2670 3537 permittatis
2686 3448 3027 3536 predictam
3057 3446 3379 3512 ecclesiam

604 3553 834 3622 habere
872 3576 1084 3619 omnes
1118 3551 1427 3640 predictas
1461 3564 1652 3621 terras
1688 3565 1753 3618 et
1779 3552 2188 3639 possessiones
2225 3566 2291 3621 et
2331 3576 2544 3623 omnes
2570 3553 2795 3619 liberas
2823 3567 2887 3619 et
2915 3552 3197 3638 antiquas
3226 3576 3373 3617 con·

608 3658 966 3727 suetudines
1015 3670 1080 3723 et
1115 3657 1432 3726 libertates
1480 3680 1618 3727 suas
1651 3695 1664 3709 ·
1698 3656 1858 3725 sicut
1902 3658 2124 3725 melius
2172 3672 2237 3725 et
2284 3657 2530 3746 plenius
2559 3657 2894 3723 Dermotus
2924 3656 3067 3721 Rex
3098 3655 3374 3745 Lagenie

609 3764 916 3853 predictas
951 3776 1144 3829 terras
1188 3762 1466 3851 predicte
1513 3764 1773 3833 ecclesie
1809 3778 1954 3831 ante
2001 3765 2341 3835 adventum
2378 3788 2591 3831 meum
2618 3764 2687 3829 in
2716 3761 3089 3831 Hiberniam
3118 3762 3376 3829 donavit

606 3888 672 3943 et
712 3872 938 3939 liberas
983 3871 1459 3939 consuetudines
1502 3886 1568 3937 et
1605 3872 1920 3939 libertates
1965 3872 2285 3940 concessit.
2372 3871 2667 3938 Testibus
2698 3909 2711 3923 ·
2744 3870 3090 3937 Laurencio
3128 3868 3373 3933 Dublin

609 3978 1070 4067 archiepiscopo
1103 4016 1120 4029 ·
1151 3978 1376 4045 Edano
1405 3978 1580 4066 Lug:
1611 3978 1903 4067 episcopo
1933 4018 1948 4031 -
1983 3980 2060 4045 R.
2091 3979 2320 4045 comite
2349 3979 2568 4045 Destr:
2603 4016 2617 4031 ·
2648 3977 2736 4043 H.
2760 3978 2839 4043 de
2868 3976 3070 4064 Lascy
3096 4015 3109 4028 ·
3135 3976 3371 4041 Radul-

605 4084 732 4174 pho
752 4084 832 4151 de
849 4082 1116 4151 Warner
1141 4120 1154 4133 ·
1179 4082 1455 4149 Roberto
1473 4083 1700 4151 Poerio
1726 4122 1740 4136 ·
1770 4083 2088 4153 Willelmo
2116 4083 2483 4155 cancellario
2506 4106 2648 4149 meo
2676 4096 2741 4151 et
2766 4081 2981 4152 multis
3008 4081 3145 4147 aliis
3171 4120 3183 4133 -
3205 4081 3371 4171 apud

615 4188 1018 4258 Dublinnam.

731 4294 866 4361 Nos
913 4308 1120 4361 autem
1161 4293 1568 4361 donacionem
1625 4292 2084 4363 concessionem
2134 4306 2199 4359 et
2249 4292 2793 4365 confirmacionem
2850 4290 3157 4381 predictas
3212 4305 3372 4357 ratas

609 4400 908 4471 habentes
957 4414 1022 4466 et
1055 4414 1262 4489 gratas
1295 4439 1306 4452 ·
1339 4424 1442 4467 eas
1484 4424 1598 4489 pro
1647 4399 1830 4469 nobis
1870 4415 1936 4465 et
1961 4398 2298 4471 heredibus
2334 4400 2557 4469 nostris
2606 4412 2909 4487 quantum
2952 4398 3021 4465 in
3058 4397 3239 4464 nobis
3283 4412 3376 4465 est

1925 4507 1980 4575 C
2011 4513 2050 4573 2
2976 4505 3370 4573 concedimus
