4295 5410
1972 627 2013 702 7

714 795 790 860 In
823 794 1055 861 diocesi
1073 790 1373 858 Feruensi
1403 789 1727 858 ecclesiam
1755 787 1836 854 de
1857 787 2286 856 Rahtmaneht
2306 813 2451 856 cum
2480 789 2769 858 omnibus
2789 791 3188 880 pertinenciis
3216 793 3361 858 suis.

583 901 664 968 In
692 901 923 968 diocesi
951 899 1248 966 Clonensi
1277 897 1580 986 capellam
1621 897 1699 961 de
1730 895 1900 960 Rath
1921 935 1934 947 ·
1983 896 2061 962 In
2083 897 2315 963 diocesi
2346 895 2667 962 Mindensi
2695 898 3015 965 ecclesiam
3048 900 3127 965 de
3154 901 3361 965 Arne·

582 1009 736 1096 geth
758 1048 771 1061 ·
799 1033 948 1075 cum
977 1007 1266 1074 omnibus
1294 1005 1696 1093 pertinenciis
1725 1005 2082 1070 earundem.
2151 1006 2251 1072 De
2270 1005 2717 1094 Balicongelan
2737 1045 2750 1058 ·
2783 1008 2861 1074 de
2882 1007 3245 1074 Kenturke·
3280 1009 3358 1072 de

583 1115 940 1203 Dunkerny
962 1153 975 1166 ·
1025 1128 1090 1180 ct
1115 1113 1194 1179 de
1223 1111 1580 1198 Balidowyl
1607 1110 1896 1198 grangias
1937 1135 2084 1176 cum
2115 1112 2405 1178 omnibus
2434 1113 2833 1200 pertinenciis
2880 1115 3215 1179 earundem
3248 1153 3261 1165 ·
3294 1133 3358 1180 et

581 1221 868 1287 ecclesias
913 1245 1066 1307 quas
1109 1221 1178 1285 in
1223 1219 1458 1286 eisdem
1503 1218 1780 1306 grangiis
1826 1219 2122 1286 obtinetis
2144 1259 2157 1271 ·
2190 1221 2269 1286 de
2302 1221 2675 1309 Kyldronan
2717 1238 2782 1287 et
2810 1221 2888 1287 de
2919 1222 3353 1310 Cnoclyschan

583 1324 761 1391 villas
789 1350 934 1392 cum
956 1327 1244 1392 omnibus
1274 1324 1675 1412 pertinenciis
1704 1325 1849 1390 suia

713 1430 1140 1520 Quadraginta
1171 1455 1340 1498 acras
1367 1446 1528 1497 terre
1558 1432 1704 1498 sitas
1731 1433 1799 1497 in
1836 1433 2150 1500 territorio
2180 1433 2259 1500 de
2289 1434 2826 1502 Donenahtbroke
2854 1458 2999 1501 cum
3037 1437 3351 1523 pertinen-

577 1535 688 1600 ciis
715 1537 842 1602 suis
874 1576 888 1589 ·
919 1551 1146 1603 terram
1177 1539 1257 1605 de
1285 1539 1709 1606 Balihoneron
1749 1565 1894 1607 cum
1927 1542 2331 1628 pertinenciis
2374 1542 2501 1608 suis
2533 1582 2547 1595 ·
2578 1543 2858 1609 Insulam
2891 1543 3105 1611 Sancti
3138 1545 3352 1610 Salva·-

578 1641 728 1707 toris
773 1643 852 1709 de
901 1645 1288 1712 Glendalach
1333 1671 1479 1712 cum
1523 1648 1702 1713 terris
1747 1649 2233 1735 possessionibus
2275 1664 2341 1716 et
2396 1650 2685 1716 omnibus
2730 1650 3129 1738 pertinenciis
3178 1651 3305 1716 suis
3338 1691 3349 1702 -

580 1771 762 1814 usum
789 1749 1072 1838 piscandi
1101 1775 1246 1816 cum
1275 1751 1504 1817 batello
1532 1751 1600 1816 in
1629 1776 1790 1837 aqua
1818 1753 1897 1818 de
1911 1752 2212 1841 Auenlyf
2233 1792 2245 1804 ·
2278 1765 2343 1818 et
2370 1753 2519 1818 alias
2546 1754 2955 1841 possessiones
2983 1770 3049 1819 et
3073 1755 3353 1820 redditus

581 1879 732 1939 quos
765 1855 834 1920 in
863 1856 1158 1944 predictis
1180 1857 1529 1924 diocesibus
1576 1858 1835 1924 ecclesia
1861 1875 2066 1926 vestra
2104 1861 2383 1926 noscitur
2412 1860 2693 1926 obtinere
2727 1899 2740 1912 ·
2772 1885 2917 1926 cum
2953 1861 3129 1926 terris
3163 1863 3354 1948 pratis

577 1960 776 2026 vineis
803 1962 1160 2029 nemoribus
1187 1963 1464 2050 usuagiis
1493 1978 1559 2028 et
1586 1964 1830 2050 pascuis
1857 1964 1924 2028 in
1955 1966 2142 2031 bosco
2172 1982 2239 2032 et
2264 1967 2454 2052 plano
2482 1966 2551 2030 in
2582 1965 2759 2052 aquis
2788 1979 2852 2032 ct
2878 1967 3254 2032 molendinis
3282 1967 3351 2032 in

577 2065 694 2132 viis
723 2083 788 2134 et
815 2069 1050 2134 semitis
1077 2082 1144 2134 et
1171 2068 1460 2134 omnibus
1491 2069 1626 2135 aliis
1656 2069 2047 2137 libertatibus
2075 2085 2142 2137 et
2168 2072 2671 2138 immunitatibus
2700 2072 2845 2138 suis,

710 2172 872 2239 Sane
901 2172 1222 2239 novalium
1249 2175 1662 2258 vestro[rum]
1696 2199 1817 2260 que
1846 2177 2113 2263 propriis
2141 2178 2429 2244 manibus
2467 2192 2579 2244 aut
2610 2179 2961 2267 sumptibus
2990 2181 3193 2247 colitis
3227 2221 3238 2233 ·
3272 2183 3351 2249 de

580 2279 806 2366 quibus
833 2280 1058 2366 aliquis
1079 2280 1376 2346 hactenus
1405 2304 1533 2346 non
1557 2282 1835 2370 percepit
1857 2322 1868 2333 ·
1891 2283 2022 2350 sive
2045 2285 2124 2350 de
2146 2300 2495 2351 vestrorum
2524 2285 2887 2352 animalium
2916 2287 3313 2354 nutrimentis
3336 2329 3349 2339 ·

581 2386 788 2451 nullus
827 2411 864 2451 a
900 2385 1078 2451 vobis
1108 2386 1378 2451 decimas
1423 2386 1680 2474 exigere
1725 2387 1829 2453 vel
1857 2401 2233 2474 extorquere
2262 2403 2579 2477 presumat
2610 2429 2623 2440 ·
2663 2390 2849 2457 liceat
2877 2415 3125 2477 quoque
3171 2393 3351 2458 vobis

575 2492 830 2558 clericos
849 2492 954 2557 vel
980 2491 1170 2557 laicos
1191 2533 1206 2542 -
1236 2491 1463 2558 liberos
1491 2506 1556 2556 et
1583 2491 1896 2558 absolutos
1925 2517 1961 2559 e
1991 2495 2201 2560 seculo
2216 2495 2529 2584 fugientes
2563 2534 2576 2546 ·
2610 2497 2689 2562 ad
2706 2498 3171 2562 conversionem
3194 2499 3350 2564 reci-

581 2625 727 2687 pere
755 2615 822 2666 et
848 2624 952 2666 eos
981 2602 1212 2686 absque
1240 2600 1730 2666 contradictione
1761 2601 1970 2688 aliqua
1996 2603 2283 2668 retinere.

706 2710 1120 2776 Prohibemus
1146 2710 1402 2797 insuper
1429 2722 1502 2776 ut
1527 2710 1688 2776 nulli
1717 2711 1978 2777 fratrum
1998 2725 2345 2777 vestrorum
2373 2724 2517 2800 post
2530 2711 2759 2779 factam
2774 2710 2843 2775 in
2865 2710 3123 2777 ecclesia
3149 2726 3357 2778 vestra

577 2816 1019 2904 professionem
1037 2816 1126 2881 fas
1155 2816 1236 2881 sit
1251 2816 1385 2881 sine
1405 2815 1640 2881 Prioris
1669 2816 1764 2883 sui
1785 2816 2050 2883 licencia
2067 2816 2146 2883 de
2176 2819 2399 2884 eodem
2418 2817 2557 2883 loco
2580 2856 2591 2869 ·
2615 2815 2737 2881 nisi
2754 2816 3007 2883 arcioris
3033 2817 3353 2905 religionis

573 2926 836 2989 obtentu
867 2961 880 2975 ·
913 2922 1230 2989 discedere
1259 2922 1684 2990 discedentem
1713 2949 1862 2990 vero
1907 2926 2140 3011 absque
2184 2926 2617 2993 communium
2644 2924 2965 2989 literarum
3007 2938 3350 2990 vestrarum

575 3031 874 3097 caucione
911 3031 1120 3097 nullus
1157 3032 1384 3097 audeat
1411 3032 1698 3099 retinere.
1787 3033 1952 3099 Cum
1982 3048 2190 3100 autem
2222 3034 2513 3123 generale
2542 3032 2945 3099 interdictum
2974 3044 3134 3096 terre
3162 3030 3354 3097 fuerit

575 3135 761 3203 liceat
787 3136 966 3202 vobis
995 3136 1216 3203 clausis
1237 3137 1448 3223 januis
1481 3175 1495 3188 ·
1527 3136 1798 3203 exclusis
1828 3138 2388 3203 excommunicatis
2418 3152 2484 3202 et
2508 3135 2859 3203 interdictis
2892 3174 2905 3186 ·
2936 3160 3063 3200 non
3093 3136 3350 3224 pulsatis

574 3241 888 3328 campanis
921 3280 934 3291 ·
967 3264 1290 3328 suppressa
1319 3266 1471 3308 voce
1494 3240 1711 3308 divina
1738 3242 1944 3309 officia
1971 3242 2283 3309 celebrare
2318 3282 2331 3295 -
2364 3242 2705 3309 dummodo
2734 3266 2983 3309 causam
3011 3265 3138 3307 non
3160 3244 3349 3309 dede-

577 3346 712 3411 ritis
739 3346 1092 3412 interdicto,
2246 3354 2251 3367 '

707 3452 948 3518 Crisma
968 3476 1118 3518 vero
1144 3490 1158 3503 ·
1183 3452 1388 3518 oleum
1413 3468 1694 3520 sanctum
1717 3493 1728 3504 ·
1753 3455 2257 3520 consecraciones
2286 3455 2575 3521 altarium
2596 3478 2707 3520 seu
2722 3454 3118 3521 basilicarum
3144 3496 3155 3506 ·
3183 3458 3348 3522 ordi-

575 3560 864 3627 naciones
891 3559 1256 3626 clericorum
1297 3559 1408 3646 qui
1436 3561 1517 3624 ad
1546 3561 1792 3627 ordines
1821 3560 2056 3627 fuerint
2089 3562 2501 3648 promovendi
2534 3599 2549 3611 ·
2580 3585 2619 3625 a
2646 3559 2973 3627 diocesano
3002 3561 3350 3649 suscipietis

575 3668 866 3756 episcopo
899 3704 912 3717 ·
943 3666 1253 3753 siquidem
1295 3667 1636 3734 catholicus
1661 3668 1852 3734 fuerit
1893 3682 1958 3734 et
1998 3668 2265 3757 gratiam
2311 3679 2375 3733 et
2417 3666 2921 3733 communionem
2970 3682 3349 3734 sacrosancte

579 3774 858 3839 Romane
887 3772 1048 3838 sedis
1076 3772 1367 3837 habuerit
1393 3787 1458 3837 et
1485 3796 1561 3838 ea
1586 3773 1766 3837 vobis
1795 3773 2066 3839 voluerit
2093 3772 2227 3839 sine
2255 3773 2563 3861 pravitate
2592 3771 2799 3857 aliqua
2826 3772 3145 3839 exhibere.

703 3878 1116 3945 Prohibemus
1131 3879 1387 3965 insuper
1415 3892 1486 3943 ut
1505 3878 1667 3944 infra
1683 3880 1838 3945 fines
1859 3881 2153 3967 parochie
2174 3894 2377 3946 vestre
2405 3918 2417 3931 ·
2442 3880 2649 3945 sicam
2670 3878 2913 3945 habetis
2940 3918 2953 3931 ·
2977 3880 3187 3945 nullus
3214 3881 3349 3947 sine

578 4006 824 4049 assensu
853 3981 1166 4049 diocesani
1195 3982 1471 4069 episcopi
1499 3996 1564 4047 et
1591 3996 1798 4047 vestro
1837 3984 2140 4071 capellam
2185 4007 2297 4049 seu
2324 3984 2661 4049 oratorium
2689 3984 2768 4049 de
2803 4008 2968 4050 novo
2996 3999 3350 4053 construere

577 4087 818 4153 audeat.
909 4086 1112 4153 Salvis
1142 4085 1488 4175 privilegiis
1517 4086 1886 4172 pontificum
1916 4088 2360 4153 Romanorum.
2436 4090 2548 4153 Ad
2575 4089 2694 4156 hec
2724 4114 2916 4156 novas
2944 4106 3011 4157 et
3035 4092 3347 4161 indebitas

576 4191 932 4258 exactiones
954 4192 1034 4257 ab
1055 4190 1536 4278 archiepiscopis
1557 4190 1862 4278 episcopis
1891 4189 2343 4258 archidiaconis
2372 4215 2480 4257 seu
2503 4191 2753 4259 decanis
2776 4194 3035 4281 aliisque
3059 4200 3349 4267 omnibus

577 4296 1002 4365 ecclesiasticis
1031 4296 1487 4363 secularibusve
1515 4297 1792 4385 personis
1823 4322 1860 4364 a
1887 4298 2066 4365 vobis
2095 4298 2351 4363 omnino
2379 4298 2516 4365 fieri
2545 4300 2963 4387 prohibemus.

705 4401 1102 4489 Sepulturam
1133 4426 1382 4489 quoque
1411 4402 1606 4490 ipsius
1626 4402 1749 4469 loci
1776 4402 2038 4471 liberam
2063 4427 2195 4471 esse
2214 4403 2603 4471 decernimus
2636 4444 2649 4456 ·
2681 4420 2753 4473 ut
2780 4431 2995 4473 eorum
3019 4408 3349 4476 devocioni-

3282 4530 3344 4579 et
