4295 5410
2264 641 2361 697 '20

929 799 1208 866 caciones
1237 800 1632 867 ecclesiarum
1653 825 1848 888 usque
1872 803 1951 868 ad
1979 803 2253 870 valorem
2282 806 2512 894 viginti
2534 809 2830 875 librarum
2860 832 2974 897 per
3002 833 3234 875 annum
3268 849 3281 862 ·
3315 823 3441 877 tam
3470 837 3544 879 ea
3574 837 3695 899 que

930 907 1008 972 de
1037 907 1220 972 nobis
1249 908 1317 973 in
1345 908 1548 996 capite
1577 933 1764 996 quam
1794 909 1872 976 de
1901 911 2036 977 aliis
2066 925 2358 979 tenentur
2386 915 2673 982 habenda
2700 929 2765 982 et
2790 915 3059 980 tenenda
3098 915 3216 980 sibi
3246 928 3310 981 et
3336 917 3695 982 successori-

927 1014 1043 1078 bus
1073 1013 1198 1078 suis
1225 1013 1292 1078 in
1321 1039 1540 1103 puram
1571 1029 1633 1081 et
1661 1031 2023 1104 perpetuam
2053 1021 2451 1088 elemosinam
2480 1023 2961 1111 imperpetuum.
3052 1022 3298 1087 Statuto
3320 1021 3399 1086 de
3429 1021 3605 1088 terris
3634 1037 3698 1088 et

925 1120 1294 1185 tenementis
1327 1121 1407 1186 ad
1435 1145 1690 1186 manum
1727 1137 2034 1189 mortuam
2065 1149 2191 1189 non
2231 1127 2536 1214 ponendis
2566 1127 2736 1192 edito
2778 1151 2902 1191 non
2947 1128 3228 1192 obstante
3261 1165 3275 1177 ·
3308 1127 3458 1190 dum
3488 1141 3695 1190 tamen

927 1254 1038 1317 per
1057 1229 1496 1316 inquisiciones
1516 1229 1666 1296 inde
1693 1230 1760 1294 in
1778 1230 1973 1296 forma
1995 1231 2207 1298 debita
2234 1233 2565 1321 capiendas
2594 1247 2658 1299 et
2679 1234 2745 1298 in
2774 1233 3138 1300 cancellaria
3166 1247 3372 1298 nostra
3390 1233 3697 1299 Hibernie

928 1337 1030 1402 vel
1069 1335 1370 1402 heredum
1416 1349 1766 1400 nostrorum
1803 1335 1922 1401 rite
1971 1337 2371 1402 retornandas
2428 1351 2814 1424 compertum
2860 1337 2941 1402 sit
2985 1336 3154 1423 quod
3192 1337 3260 1401 id
3297 1336 3429 1401 fieri
3470 1335 3699 1424 poterit

927 1443 1156 1528 absque
1187 1443 1456 1529 dampno
1486 1441 1588 1507 vel
1617 1440 1962 1529 prejudicio
2005 1442 2199 1506 nostri
2229 1442 2333 1509 vel
2359 1443 2661 1509 heredum
2701 1456 3049 1508 nostrorum
3094 1467 3203 1508 seu
3248 1443 3509 1508 aliorum
3540 1466 3693 1528 quo-

925 1571 1352 1633 rumcumque.
1439 1547 1516 1612 In
1541 1547 1717 1632 cujus
1745 1546 1836 1612 rei
1865 1546 2291 1614 testimonium
2312 1550 2423 1613 has
2450 1549 2660 1614 literas
2682 1562 2917 1614 nostras
2944 1547 3080 1614 fieri
3108 1548 3367 1614 fecimus
3395 1561 3692 1636 patentes

928 1653 1114 1718 Teste
1136 1677 1236 1718 me
1259 1651 1393 1741 ipso
1417 1653 1584 1740 apud
1607 1651 1953 1741 Kylkenny
1976 1653 2196 1740 quinto
2215 1654 2318 1720 die
2334 1655 2576 1743 Aprilis
2599 1679 2760 1721 anno
2783 1654 2959 1742 regni
2980 1653 3173 1718 nostri
3191 1653 3433 1719 decimo
3456 1667 3692 1719 octavo.

1058 1758 1498 1846 [Fsryngtoun
1537 1753 1656 1846 per'
1685 1757 1893 1845 ipsum
1923 1757 2163 1846 Regem
2201 1771 2265 1823 et
2303 1781 2415 1846 pro
2452 1758 2865 1846 quadraginta
2903 1757 3115 1822 solidis
3154 1756 3367 1822 solutis
3406 1757 3473 1821 in
3502 1757 3692 1824 hana-

927 1864 1152 1952 perio]

2236 2073 2374 2146 XI.

1526 2233 1824 2310 Bouario
1857 2246 1914 2307 tt
1946 2236 2332 2310 mnfltmatin
2364 2236 2599 2310 nomini
2632 2236 2931 2328 mentiti,
2968 2239 3079 2309 stt.

1130 2399 1398 2466 Enricus
1422 2398 1545 2464 Dei
1573 2399 1782 2487 gracia
1803 2399 1946 2465 Rex
1962 2401 2200 2488 Anglie
2229 2414 2295 2467 et
2322 2401 2457 2466 dux
2476 2400 2857 2467 Normannie
2886 2415 2951 2467 et
2978 2397 3365 2486 Aquitannie
3394 2410 3459 2462 et
3486 2419 3690 2462 comes

1156 2505 1533 2593 Andegavie
1564 2544 1578 2557 ·
1609 2504 2116 2594 Archiepiscopis
2144 2507 2449 2595 episcopis
2496 2507 2823 2573 abbatibus
2850 2505 3181 2572 comitibus
3202 2503 3535 2572 baronibus
3556 2503 3690 2588 jus-

922 2613 1178 2680 ticiariis
1207 2611 1680 2678 vicecomitibus
1707 2624 1773 2678 et
1801 2610 2088 2676 omnibus
2117 2610 2414 2677 ministris
2442 2624 2507 2676 et
2534 2610 2821 2676 fidelibus
2850 2609 2974 2674 suis
3004 2607 3283 2674 Franciis
3309 2605 3599 2694 Anglicis
3626 2620 3691 2672 et

921 2716 1444 2785 Hiberniensibus
1489 2716 1768 2782 salutem.
1860 2714 2083 2781 Sciatis
2131 2738 2235 2781 me
2280 2716 2521 2782 dedisse
2560 2729 2625 2781 et
2673 2715 3037 2781 concessisse
3080 2728 3145 2781 et
3184 2715 3303 2781 hac
3336 2738 3476 2780 mea
3522 2728 3690 2781 carta

921 2823 1310 2888 confirmasse
1348 2819 1604 2885 ecclesie
1634 2818 1939 2885 Omnium
1970 2817 2340 2884 Sanctorum
2377 2819 2446 2884 in
2485 2820 2770 2885 orientali
2798 2834 2972 2909 parte
3001 2821 3245 2887 Dublin
3284 2834 3349 2887 et
3376 2822 3687 2889 canonicis

918 2928 1156 2995 ibidem
1186 2927 1327 2995 Deo
1354 2925 1764 2992 servientibus
1791 2926 1902 2991 has
1929 2939 2120 2991 terras
2151 2926 2387 2993 scilicet
2417 2964 2432 2979 ·
2463 2927 2965 3016 Balencongalan
2996 2966 3011 2979 ·
3043 2929 3326 2995 Kanturc
3358 2968 3373 2981 ·
3403 2930 3689 2995 Duncar-

920 3059 1037 3100 nac
1070 3072 1084 3085 ·
1116 3032 1485 3121 Baledugall
1516 3070 1530 3083 ·
1563 3032 1950 3121 Rubanagan
1981 3070 1995 3084 ·
2028 3033 2420 3122 Onochyflan
2453 3074 2467 3087 ·
2500 3036 2861 3103 Kaldronan
2894 3075 2908 3088 ·
2938 3049 3003 3103 et
3031 3037 3110 3103 ad
3138 3062 3212 3103 ea
3256 3037 3639 3125 pertinencia
3670 3076 3685 3088 ·

920 3140 990 3205 in
1017 3162 1240 3227 puram
1267 3151 1331 3204 et
1357 3150 1722 3226 perpetuam
1749 3137 2150 3205 elemosinam
2178 3163 2292 3227 pro
2321 3140 2517 3206 salute
2544 3141 2750 3207 anime
2778 3166 2916 3207 mee
2946 3155 3009 3207 et
3038 3156 3487 3208 antecessorum
3517 3166 3685 3208 meo·

921 3270 1062 3311 rum
1097 3284 1109 3297 ·
1141 3268 1286 3311 cum
1314 3243 1572 3309 decimis
1600 3256 1665 3309 et
1692 3244 1963 3330 antiquis
1992 3246 2273 3311 terminis
2302 3258 2365 3312 et
2393 3246 2529 3312 aliis
2556 3246 2767 3327 liberis
2795 3247 3347 3316 consuetudinibus
3374 3248 3500 3313 suis
3528 3249 3689 3315 sicut

922 3352 1145 3417 melius
1173 3350 1382 3436 aliqua
1409 3349 1745 3417 elemosina
1771 3348 1906 3415 dari
1933 3351 2180 3439 poterit.

1053 3456 1260 3537 Quare
1289 3456 1434 3521 volo
1461 3470 1526 3522 et
1551 3456 1811 3523 firmiter
1837 3457 2115 3545 precipio
2137 3458 2309 3544 quod
2335 3459 2634 3547 prefatam
2656 3460 2979 3527 ecclesiam
3006 3472 3072 3527 et
3098 3461 3425 3526 canonicos
3454 3484 3594 3527 suos
3622 3473 3688 3527 et

925 3586 1139 3629 omnes
1165 3586 1262 3628 res
1307 3574 1372 3627 et
1408 3575 1600 3628 terras
1645 3584 1782 3627 suas
1821 3562 2270 3627 manuteneatis
2308 3576 2373 3628 et
2400 3562 2759 3629 custodiatis
2795 3576 2861 3629 et
2886 3564 3224 3652 protegatis
3257 3602 3271 3615 ·
3301 3564 3536 3629 nullam
3566 3564 3684 3630 sibi

923 3670 1028 3736 vel
1053 3671 1237 3736 rebus
1265 3667 1390 3733 suis
1418 3666 1711 3753 injuriam
1740 3666 1844 3732 vel
1871 3667 2311 3733 contumeliam
2339 3668 2634 3735 facientes
2668 3692 2786 3735 nec
2815 3672 2892 3735 ab
2923 3669 3131 3756 aliquo
3159 3669 3295 3735 fieri
3324 3670 3684 3757 permitten-

925 3796 1017 3843 tes
1049 3816 1062 3829 ·
1095 3790 1189 3842 set
1216 3776 1268 3841 si
1297 3773 1437 3862 quis
1466 3774 1584 3841 sibi
1611 3776 1680 3839 in
1711 3775 1920 3862 aliquo
1943 3776 2318 3841 foresfecerit
2337 3777 2676 3864 plenariam
2703 3777 2852 3843 inde
2882 3776 3013 3842 sine
3044 3776 3348 3841 dilacione
3367 3776 3685 3862 justiciam

922 3884 1159 3951 faciatis
1181 3896 1245 3949 et
1271 3882 1644 3973 permittatis
1673 3883 2015 3973 predictam
2045 3884 2366 3950 ecclesiam
2395 3885 2622 3951 habere
2654 3908 2864 3949 omnes
2892 3883 3199 3973 predictas
3236 3896 3427 3948 terras
3455 3895 3519 3948 et
3546 3906 3685 3971 pos-

921 3990 1215 4057 sessiones
1236 4002 1301 4055 et
1321 4012 1534 4055 omnes
1548 3988 1772 4055 liberas
1794 4002 1858 4055 et
1879 3989 2161 4075 antiquas
2182 3991 2657 4056 consuetudines
2680 4002 2744 4056 et
2763 3990 3078 4055 libertates
3099 4012 3237 4053 suas
3258 4027 3273 4040 ·
3292 3989 3452 4054 sicut
3465 3989 3689 4055 melius

922 4113 988 4164 et
1013 4097 1259 4186 plenius
1288 4095 1551 4161 Dermot
1579 4095 1724 4161 Rex
1747 4096 2025 4185 Lagenie
2054 4098 2360 4185 predictas
2388 4110 2578 4163 terras
2606 4112 2670 4162 et
2696 4097 3101 4184 possessiones
3130 4096 3405 4183 predicte
3434 4094 3689 4161 ecclesie

923 4200 1181 4270 donavit
1207 4217 1272 4270 et
1296 4204 1520 4270 liberas
1549 4206 2025 4271 consuetudines
2053 4206 2370 4271 concessit.
2458 4205 2751 4272 Testibus
2783 4243 2796 4256 ·
2822 4203 3168 4270 Laurencio
3192 4202 3435 4267 Dublin
3456 4200 3686 4268 Archi-

921 4310 1210 4397 episcopo
1243 4347 1258 4359 ·
1289 4308 1511 4373 Edano
1535 4308 1708 4397 Lug:
1738 4310 2028 4399 episcopo
2061 4348 2073 4361 ·
2099 4310 2177 4375 E.
2201 4312 2260 4393 [Ρ
2291 4310 2404 4396 R.]
2436 4308 2663 4376 comite
2691 4309 2910 4375 Destr:
2943 4344 2957 4359 ·
2990 4308 3076 4373 H.
3102 4307 3180 4372 de
3211 4306 3384 4395 Lacy
3411 4345 3425 4358 ·
3450 4306 3684 4373 Radul-

921 4415 1048 4503 pho
1077 4414 1156 4479 de
1185 4412 1453 4481 Warner
1485 4451 1499 4464 ·
1531 4413 1808 4480 Roberto
1838 4414 2063 4481 Poerio
2097 4454 2112 4466 ·
2141 4414 2468 4481 Willelmo
2495 4414 2863 4481 cancellario
2889 4438 3032 4480 meo
3060 4427 3125 4481 et
3152 4414 3365 4480 multis
3394 4414 3549 4481 aliis.
