4295 5410
1959 663 2002 733 9

589 831 724 884 tum
757 819 1100 887 Latranen:
1150 845 1260 908 per
1295 845 1550 888 manum
1580 820 1860 912 magistri
1889 820 2062 886 Petri
2093 817 2173 887 de
2210 819 2573 887 Mediolano
2607 834 2815 888 sancte
2845 821 3125 887 Romane
3171 820 3366 887 eccle-

589 924 676 990 sie
724 924 1214 992 vicecancellarii
1249 963 1262 976 ·
1296 924 1456 1011 xiiij.
1493 925 1632 990 Kal.
1663 927 1707 990 J
1709 923 1862 990 unii.
1941 923 2295 990 Indictione
2325 923 2439 1010 iiij.
2530 925 2988 990 Incarnacionis
3035 923 3368 990 Dominice

589 1030 920 1098 millesimo
958 1033 1238 1100 cclxxvi.
1269 1032 1678 1100 Pontificatus
1711 1055 1860 1099 vero
1890 1030 2130 1096 domini
2154 1029 2517 1097 Innocencii
2546 1054 2706 1119 pape
2745 1030 2949 1118 quinti
2980 1053 3143 1096 anno
3170 1029 3364 1096 tercio

595 1134 884 1223 [primo]

1903 1382 2038 1456 IV.

1668 1566 1836 1644 fllia
1869 1568 2279 1644 tonfltmatio.

695 1751 762 1818 N
762 1753 1097 1819 nocencius
1142 1752 1471 1842 episcopus
1517 1778 1730 1821 servus
1766 1779 2084 1822 servorum
2115 1755 2239 1822 Dei
2271 1754 2516 1822 dilectis
2544 1754 2689 1820 filiis
2717 1753 2921 1821 Priori
2962 1767 3027 1821 et
3055 1755 3368 1822 canonicis

740 1859 996 1926 ecclesie
1027 1859 1332 1926 Omnium
1366 1860 1734 1927 Sanctorum
1764 1862 1843 1927 de
1873 1861 2118 1927 Dublin
2164 1861 2425 1928 salutem
2456 1877 2521 1927 et
2556 1861 2955 1950 apostolicam
2984 1861 3369 1928 benedictio-

592 1989 756 2030 nem.
845 1967 889 2031 J
894 1965 1044 2030 ustis
1073 1967 1428 2054 petencium
1458 1967 1779 2033 desideriis
1808 1967 2096 2033 divinum
2127 1980 2222 2034 est
2248 1991 2361 2034 nos
2390 1967 2635 2034 facilem
2665 1969 2923 2055 prebere
2962 1991 3274 2034 assensum
3304 1981 3367 2034 et

592 2085 739 2138 vota
768 2096 890 2157 que
921 2096 957 2136 a
983 2071 1249 2138 racionis
1277 2073 1524 2139 tramite
1553 2098 1681 2139 non
1710 2073 2067 2140 discordant
2094 2074 2323 2141 effectu
2353 2089 2764 2163 prosequente
2794 2073 3122 2162 complere.

721 2177 822 2244 Ea
849 2193 1101 2266 propter
1117 2177 1332 2244 dilecti
1359 2178 1428 2242 in
1449 2178 1728 2244 Domino
1747 2179 1864 2245 filii
1893 2179 2112 2246 vestris
2132 2180 2321 2266 justis
2347 2179 2875 2269 postulacionibus
2904 2193 3081 2267 grato
3108 2203 3367 2245 concur-

593 2297 798 2349 rentes
842 2307 1088 2349 assensu
1131 2322 1144 2336 ·
1187 2284 1266 2350 de
1307 2285 1671 2352 Kenturnac
1711 2325 1726 2338 ·
1769 2285 2188 2374 Dunkernaig
2228 2325 2241 2337 ·
2282 2285 2691 2374 Balycloglan
2732 2324 2746 2338 ·
2788 2298 2853 2351 et
2897 2284 3319 2374 Balydubgail
3351 2325 3364 2336 ·

595 2389 987 2478 Rubanagan
1013 2428 1027 2442 ·
1054 2389 1416 2456 Kaidronan
1450 2428 1464 2442 ·
1497 2390 1900 2457 Cnoclislann
1927 2389 2216 2457 ecclesias
2244 2401 2309 2455 et
2338 2389 2486 2455 alias
2514 2388 2921 2477 possessiones
2950 2377 3180 2454 vestras
3208 2388 3371 2456 sicut

593 2521 696 2564 eas
716 2497 886 2584 juste
915 2523 988 2564 ac
1017 2497 1274 2586 pacifice
1310 2497 1635 2586 possidetis
1665 2497 1994 2564 devocioni
2023 2511 2227 2562 vestre
2265 2497 2627 2563 auctoritate
2668 2495 3005 2586 apostolica
3041 2495 3365 2562 confirma-

592 2628 732 2670 mus
761 2619 825 2670 et
847 2603 1147 2691 presentis
1177 2603 1390 2692 scripti
1419 2603 1766 2692 patrocinio
1795 2603 2273 2669 communimus.
2362 2602 2539 2669 Nulli
2570 2628 2718 2691 ergo
2746 2602 3000 2668 omnino
3039 2601 3365 2667 hominum

594 2710 782 2777 liceat
809 2710 971 2777 hanc
1014 2710 1310 2799 paginam
1355 2726 1560 2777 nostre
1602 2710 2100 2777 confirmacionis
2150 2709 2489 2799 infringere
2533 2710 2635 2776 vel
2666 2734 2818 2775 ausu
2846 2708 3174 2775 temerario
3220 2732 3365 2775 con-

593 2816 800 2881 traire.
891 2814 962 2881 Si
1008 2814 1147 2901 quis
1193 2828 1402 2881 autem
1429 2814 1550 2882 hoc
1596 2830 1962 2903 attemptare
1995 2815 2499 2904 [presumpserit]
2540 2816 3047 2904 indignacionem
3084 2816 3365 2903 omnipo-

593 2922 784 2989 tentis
801 2921 925 2989 Dei
948 2936 1012 2988 et
1039 2923 1364 2988 beatorum
1386 2920 1558 2986 Petri
1581 2936 1645 2986 et
1659 2919 1844 2985 Pauli
1867 2920 2285 3007 apostolorum
2314 2944 2379 2987 se
2407 2920 2654 2986 noverit
2673 2920 3083 2987 incursurum.
3130 2920 3365 2985 Datum

595 3029 892 3119 Anagnie
921 3028 1060 3117 xiij.
1095 3029 1235 3095 Kal.
1271 3027 1671 3117 Septembris.
1758 3026 2169 3093 Pontificatus
2197 3026 2391 3092 nostri
2420 3051 2583 3092 anno
2612 3040 2809 3093 sexto.

1935 3330 2030 3403 V.

1485 3512 1653 3593 filia
1682 3514 2070 3589 confirmatio
2103 3512 2479 3589 ἱπποαπείί.

699 3701 1100 3771 Nnocencius
1129 3700 1456 3790 episcopus
1492 3726 1706 3768 servus
1742 3725 2058 3767 servorum
2091 3701 2215 3768 Dei
2246 3700 2488 3768 dilectis
2516 3700 2663 3765 filiis
2691 3698 2895 3764 Priori
2925 3713 2990 3763 et
3035 3700 3372 3765 conventui

746 3808 1050 3877 Omnium
1075 3809 1443 3874 Sanctorum
1463 3808 1705 3874 Dublin
1737 3807 1970 3872 ordinis
1995 3806 2191 3873 sancti
2210 3806 2555 3895 Augustini
2586 3804 2847 3870 salutem
2878 3818 2943 3870 et
2974 3805 3369 3893 apostolicam

597 3913 1118 3982 benedictionem.
1168 3910 1568 3977 Sacrosancta
1589 3911 1874 3976 Romana
1894 3910 2154 3976 ecclesia
2174 3910 2433 3975 devotos
2454 3924 2519 3975 et
2545 3908 2812 3975 humiles
2832 3910 2995 3975 filios
3025 3934 3109 3976 ex
3133 3930 3369 3979 assuete

595 4021 842 4111 pietatis
871 4020 1076 4087 officio
1099 4018 1463 4107 propensius
1486 4018 1744 4107 diligere
1774 4018 2100 4085 consuevit
2123 4057 2137 4070 ·
2163 4034 2228 4084 et
2255 4041 2334 4084 ne
2364 4041 2699 4107 pravorum
2719 4017 3046 4083 hominum
3074 4018 3371 4083 molestiis

597 4126 912 4217 agitentur
933 4150 1036 4192 eos
1059 4140 1358 4211 tanquam
1387 4125 1494 4212 pia
1519 4140 1716 4191 mater
1743 4148 1852 4191 sue
1882 4124 2285 4213 protectionis
2315 4123 2665 4189 munimine
2695 4124 3041 4190 confovere.

725 4232 825 4298 Ea
853 4248 1104 4319 propter
1125 4229 1339 4296 dilecti
1368 4229 1436 4295 in
1456 4228 1730 4295 Domino
1759 4229 1876 4295 filii
1905 4228 2123 4295 vestris
2136 4229 2325 4315 justis
2354 4227 2881 4317 postulacionibus
2908 4242 3085 4317 grato
3112 4253 3368 4297 concur-

596 4350 800 4403 rentes
829 4359 1074 4402 assensu
1093 4372 1106 4385 ·
1128 4360 1419 4423 personas
1440 4352 1670 4402 vestras
1698 4350 1762 4403 et
1783 4336 1990 4403 locum
2019 4336 2087 4401 in
2109 4362 2235 4423 quo
2254 4337 2472 4402 divino
2500 4337 2647 4403 estis
2674 4337 2969 4423 obsequio
2998 4337 3334 4426 mancipati
3356 4377 3368 4387 ·

597 4466 743 4508 cum
773 4440 1061 4507 omnibus
1091 4441 1268 4506 bonis
1298 4465 1420 4527 que
1449 4440 1517 4505 in
1545 4442 2003 4529 presenciarum
2033 4442 2493 4509 racionabiliter
2521 4442 2847 4531 possidetis
2876 4455 2984 4509 aut
3004 4442 3073 4507 in
3094 4442 3376 4509 futurum

682 4568 866 4615 nusn
896 4567 1087 4613 anca.
1119 4568 1247 4615 soc.
1289 4570 1380 4614 10.
1961 4547 2016 4615 C
3185 4548 3371 4635 justis
