4295 5410
2007 619 2100 689 49

1887 866 2212 943 XLVII.

1008 1016 1122 1091 Ἐκ
1159 1017 1207 1108 13
1245 1017 1466 1092 salmis
1505 1018 1571 1091 ίιι
1607 1037 1833 1112 magun
1865 1023 1989 1096 him
2025 1043 2146 1116 quo
2185 1028 2311 1100 (tut
2344 1047 2544 1122 usque
2576 1031 3057 1123 Ἑρῐιιιᾱρηαιπ.

666 1174 1130 1354 UNiversis
1183 1182 1416 1249 Christi
1459 1184 1748 1253 fidelibus
1805 1205 2156 1277 presentem
2208 1199 2498 1287 paginam
2555 1200 2924 1288 inspecturis
2980 1203 3083 1270 vel
3131 1204 3432 1272 audituris

876 1287 1244 1356 Alexander
1271 1291 1626 1359 anachorita
1657 1293 1872 1363 Sancti
1902 1297 2245 1366 Clementis
2265 1301 2456 1386 juxta
2484 1303 2727 1368 Dublin
2771 1304 3031 1371 salutem
3060 1318 3333 1375 eternam
3361 1310 3431 1375 in

660 1392 953 1461 Domino.
1042 1397 1270 1464 Vestra
1296 1399 1541 1465 noverit
1568 1402 1936 1471 universitas
1963 1430 2064 1472 me
2093 1407 2313 1474 divine
2343 1409 2613 1475 caritatis
2640 1410 2876 1476 intuitu
2904 1425 2968 1476 et
2994 1435 3106 1499 pro
3148 1414 3430 1502 redemp-

658 1499 838 1568 cione
866 1515 930 1568 et
951 1502 1146 1569 salute
1176 1503 1382 1570 anime
1403 1528 1541 1571 mee
1562 1518 1628 1608 et
1644 1507 1991 1574 animarum
2019 1512 2241 1576 sororis
2270 1537 2407 1579 mee
2426 1513 2779 1603 Margarete
2807 1529 3055 1604 patrum
3081 1531 3146 1584 et
3158 1530 3429 1584 matrum

658 1624 725 1673 et
751 1611 1032 1676 omnium
1052 1613 1516 1682 benefactorum
1543 1627 1896 1682 nostrorum
1924 1642 2171 1685 necnon
2198 1633 2263 1685 et
2284 1635 2611 1708 parentum
2639 1635 2989 1689 nostrorum
3038 1637 3103 1690 et
3145 1625 3428 1692 omnium

657 1716 939 1783 fidelium
978 1719 1413 1786 defunctorum
1453 1721 1694 1788 dedisse
1733 1723 1938 1789 Priori
1978 1725 2283 1791 Omnium
2316 1725 2685 1792 Sanctorum
2730 1741 2795 1793 et
2841 1729 3152 1796 canonicis
3186 1731 3425 1798 ibidem

663 1825 802 1892 Deo
856 1827 1268 1894 servientibus
1309 1829 1464 1894 duos
1514 1829 1739 1895 solidos
1788 1832 2068 1897 redditus
2105 1833 2175 1898 in
2230 1857 2450 1921 puram
2497 1847 2561 1898 et
2608 1847 2973 1922 perpetuam
3030 1835 3428 1901 elemosinam

658 1933 978 1999 annuatim
1008 1936 1438 2023 percipiendos
1471 1976 1484 1988 ·
1515 1937 1584 2001 in
1622 1962 1850 2026 magno
1895 1940 2037 2006 vico
2085 1941 2195 2026 qui
2223 1939 2428 2006 tendit
2465 1964 2676 2006 versus
2706 1941 3127 2030 Kylmaynam
3156 1942 3235 2006 de
3263 1955 3426 2007 terra

655 2063 776 2124 que
795 2041 968 2124 jacet
993 2040 1158 2106 inter
1183 2056 1408 2107 terram
1427 2043 1573 2108 Ade
1601 2043 1662 2108 le
1690 2043 1962 2110 Savener
1990 2069 2073 2110 ex
2102 2071 2231 2111 una
2259 2059 2432 2134 parte
2462 2059 2526 2111 et
2553 2059 2779 2111 terram
2803 2071 2925 2133 que
2958 2046 3139 2134 [fuit]
3167 2047 3421 2112 Ricardi

653 2144 770 2210 filii
790 2146 1047 2212 Roberti
1069 2147 1300 2212 Canuti
1320 2172 1406 2213 ex
1429 2148 1620 2214 altera
1643 2187 1657 2200 ·
1682 2149 1920 2216 scilicet
1937 2151 2267 2217 duodecim
2287 2150 2568 2216 denarios
2590 2150 2670 2214 ad
2692 2151 2995 2216 Pascham
3011 2165 3075 2216 et
3090 2151 3423 2218 duodecim

653 2250 934 2317 denarios
965 2253 1045 2320 ad
1069 2254 1294 2318 festum
1321 2255 1533 2321 Sancti
1558 2254 1904 2322 Michaelis.
1981 2258 2068 2322 Et
2093 2271 2167 2323 ut
2194 2258 2416 2323 futuris
2445 2258 2827 2346 temporibus
2847 2258 2965 2324 hec
2992 2283 3131 2324 mea
3160 2258 3421 2325 donacio

650 2357 840 2421 robur
860 2356 1166 2424 firmitatis
1196 2373 1260 2425 et
1279 2361 1629 2427 stabilitatis
1659 2363 1938 2450 optineat
1965 2366 2237 2452 presenti
2260 2365 2489 2452 scripto
2517 2366 2841 2431 munimen
2862 2365 3053 2453 sigilli
3072 2364 3197 2431 mei
3226 2389 3416 2453 appo-

650 2463 764 2528 sui.
853 2464 998 2530 Hiis
1035 2466 1293 2534 testibus
1327 2506 1340 2519 ·
1367 2468 1444 2532 R.
1476 2467 1710 2534 decano
1753 2468 1967 2535 Sancti
2003 2469 2261 2535 Patricii
2296 2468 2539 2536 Dublin
2572 2507 2585 2520 ·
2619 2469 2699 2534 G.
2740 2469 2820 2534 de
2859 2469 3173 2535 Turbivill
3216 2469 3413 2535 archi-

651 2569 909 2636 diacano
931 2570 1174 2636 Dublin
1199 2610 1213 2623 ·
1237 2572 1532 2661 magistro
1552 2572 1799 2638 Thoma
1826 2573 1906 2637 de
1931 2572 2208 2638 Cravilla
2228 2571 2591 2638 cancellario
2616 2571 2828 2638 Sancti
2850 2571 3107 2637 Patricii
3129 2572 3372 2638 Dublin
3399 2612 3410 2623 ·

651 2676 924 2743 Roberto
960 2677 1214 2745 Pollard
1242 2689 1393 2745 tune
1435 2679 1668 2766 majore
1704 2677 1948 2746 Dublin
1981 2716 1994 2729 ·
2028 2676 2340 2743 Edwardo
2378 2675 2663 2742 Palmero
2697 2714 2711 2731 ·
2742 2675 3065 2743 Willelmo
3108 2676 3169 2743 le
3208 2677 3330 2745 Bas
3350 2691 3414 2744 et

649 2783 862 2849 multis
891 2783 1044 2851 aliis.

1842 3019 2205 3092 XLVIII.

1287 3184 1553 3279 ἢβῐειείία
1587 3202 1693 3275 pru
1728 3188 1928 3258 tantm
1960 3200 2165 3257 totam
2203 3186 2437 3275 majore
2469 3179 2758 3255 maistin.

805 3352 1024 3418 Lacita
1050 3376 1257 3418 coram
1285 3350 1562 3418 Roberto
1591 3349 1670 3415 de
1698 3348 2086 3437 Notingham
2115 3348 2347 3433 majore
2376 3346 2652 3411 Roberto
2679 3344 2739 3409 le
2768 3340 3009 3407 Woder
3034 3352 3100 3404 et
3129 3337 3403 3402 Roberto

833 3458 1092 3524 Meones
1119 3456 1370 3524 ballivis
1388 3454 1632 3521 Dublin
1663 3455 1930 3521 termino
1957 3451 2199 3520 Natalis
2228 3452 2489 3518 Domini
2518 3474 2679 3517 anno
2708 3448 2886 3537 regni
2914 3444 3076 3534 regis
3107 3442 3404 3508 Edwardi

635 3563 752 3629 filii
779 3564 942 3652 regis
972 3563 1270 3629 Edwardi
1301 3560 1688 3628 duodecimO.
1777 3559 1992 3625 Assisa
2037 3558 2215 3623 venit
2262 3554 2709 3644 recognicionis
2758 3552 2811 3617 si
2839 3549 3198 3617 Willelmus
3236 3547 3401 3611 filius

635 3669 942 3736 willelmi
973 3669 1051 3734 de
1080 3668 1264 3756 Athy
1285 3668 1594 3733 Robertus
1625 3666 1818 3731 Rowe
1847 3677 1912 3731 et
1937 3663 2151 3730 Alicia
2176 3686 2342 3727 uxor
2370 3661 2503 3746 ejus
2532 3682 2643 3747 per
2670 3680 2845 3724 suam
2871 3657 3117 3723 friscam
3145 3652 3399 3718 forciam

633 3775 862 3860 injuste
891 3788 955 3840 et
976 3775 1106 3839 sine
1126 3772 1370 3859 judicio
1394 3770 1814 3836 disseisierunt
1839 3767 2092 3833 fratrem
2121 3766 2479 3833 Gilbertum
2507 3764 2787 3830 Priorem
2816 3761 3072 3829 ecclesie
3094 3764 3399 3829 Omnium

637 3881 1004 3948 Sanctorum
1033 3878 1275 3947 Dublin
1304 3878 1384 3943 de
1411 3876 1608 3943 libero
1636 3886 1992 3942 tenemento
2021 3896 2131 3939 suo
2161 3873 2230 3938 in
2258 3870 2555 3938 suburbio
2583 3869 2845 3936 Dublin.
2932 3868 3022 3933 Et
3048 3869 3217 3935 unde
3248 3894 3399 3956 que-

629 3987 788 4053 ritur
815 3986 983 4074 quod
1020 3984 1441 4052 disseisierunt
1468 4008 1614 4049 eum
1643 3982 1722 4047 ‹le
1751 3982 1992 4048 duabus
2029 3980 2186 4047 acris
2214 3994 2375 4045 terre
2418 4002 2561 4044 cum
2592 3974 2990 4065 pertinenciis
3017 3973 3086 4038 in
3113 3975 3173 4040 le
3206 3976 3395 4042 Croc-

629 4093 962 4160 kerestrete
983 4092 1052 4157 in
1079 4090 1373 4179 parochia
1397 4089 1609 4158 Sancti
1629 4090 1672 4155 J
1676 4088 1853 4154 acobi
1876 4087 1978 4153 die
2007 4086 2247 4153 sabbati
2269 4084 2558 4173 proximo
2588 4096 2729 4149 ante
2745 4082 2970 4147 festum
2992 4081 3397 4147 exaltacionis

627 4209 836 4264 sancte
879 4196 1078 4262 crucis
1124 4194 1344 4259 ultimo
1389 4193 1774 4282 preteritum.
1863 4191 1952 4256 Et
2000 4190 2266 4279 predicti
2316 4188 2675 4255 Willelmus
2718 4188 3027 4253 Robertus
3072 4200 3137 4252 et
3181 4188 3395 4255 Alicia

624 4301 889 4368 veniunt
916 4314 980 4367 et
1008 4301 1318 4366 Robertus
1343 4313 1408 4365 et
1435 4297 1648 4365 Alicia
1676 4297 1871 4365 nichil
1899 4296 2171 4363 clamant
2198 4294 2265 4359 in
2309 4292 2589 4381 predicto
2617 4304 2972 4357 tenemento
3000 4291 3121 4357 nisi
3148 4292 3391 4359 firmam

625 4411 705 4475 ad
735 4409 1120 4475 voluntatem
1147 4406 1412 4496 predicti
1434 4406 1763 4474 Willelmi.
1853 4404 2240 4490 Quiquidem
2261 4400 2621 4469 Willelmus
2664 4412 2729 4467 et
2770 4398 3054 4467 similiter
3080 4399 3395 4488 predictus

711 4535 894 4580 nusn
923 4534 1113 4580 Aaou.
1146 4534 1272 4579 soc.
1313 4535 1404 4578 10.
1986 4508 2054 4572 H
3213 4502 3393 4569 Prior
