4295 5410
1900 641 1979 714 lv

534 821 612 888 de
639 821 853 911 gracia
878 835 1093 889 nostra
1120 823 1373 912 speciali
1406 846 1479 890 ac
1506 846 1591 890 ex
1618 838 1790 890 certa
1818 824 2087 892 sciencia
2114 837 2180 891 et
2200 847 2372 890 mero
2401 837 2580 891 motu
2605 824 2830 890 nostris
2857 849 2930 892 ac
2958 849 3070 913 pro
3099 825 3312 892 lauda·

532 927 647 993 bili
684 945 749 994 et
786 927 1153 1014 obsequioso
1194 926 1459 994 servicio
1503 927 1969 1016 grandibusque
2014 927 2306 994 oneribus
2349 941 2414 992 et
2457 927 2748 1015 expensis
2791 951 2904 1015 per
2948 928 3207 996 dilectos
3249 945 3315 996 et

534 1037 747 1102 fideles
776 1036 1059 1102 subditos
1084 1051 1326 1102 nostros
1354 1037 1656 1122 majorem
1685 1036 1947 1102 ballivos
1976 1036 2146 1101 cives
2175 1049 2239 1101 et
2266 1033 2779 1101 communitatem
2807 1032 3078 1100 civitatis
3106 1049 3312 1099 nostre

540 1143 849 1210 Dublinie
890 1143 961 1208 in
1002 1157 1167 1208 terra
1206 1159 1417 1209 nostra
1461 1142 1771 1209 Hibernie
1808 1143 1911 1208 viz
1954 1144 2188 1210 dictam
2217 1143 2538 1209 civitatem
2565 1156 2840 1208 nostram
2868 1167 3070 1232 nuper
3097 1155 3312 1210 contra

536 1264 601 1315 et
628 1250 921 1316 adversus
950 1247 1355 1336 proditoriam
1386 1247 1837 1317 obsidicionem
1876 1263 1941 1315 et
1974 1249 2256 1315 crudeles
2283 1248 2552 1315 insultus
2578 1249 2856 1336 ipsorum
2884 1249 3310 1338 nephandissi-

532 1379 779 1422 morum
823 1354 1211 1444 proditorum
1253 1354 1503 1420 Thome
1532 1355 1639 1420 fitz
1670 1355 1937 1422 Gen-ald
1980 1355 2586 1443 consanguineorum
2622 1369 2688 1422 et
2729 1355 3134 1445 complicium
3161 1379 3304 1422 suo-

534 1486 673 1527 rum
704 1479 832 1528 tam
862 1485 973 1550 per
998 1461 1229 1528 famem
1258 1475 1323 1526 et
1348 1459 1596 1548 vigilias
1625 1484 1815 1546 quam
1854 1484 1967 1549 per
2001 1460 2415 1549 plurimorum
2452 1460 2764 1528 dictorum
2807 1461 3303 1528 inhabitancium

531 1568 853 1656 sanguinis
900 1567 1269 1634 effusionem
1314 1580 1576 1633 cruenta
1618 1567 1881 1632 vulnera
1923 1583 1989 1634 et
2038 1565 2455 1633 miserabilem
2500 1579 2566 1634 et
2621 1567 3088 1634 lamentabilem
3137 1566 3304 1634 occi-

532 1676 771 1742 sionem
813 1689 1061 1742 strenue
1104 1688 1169 1741 et
1210 1673 1477 1740 viriliter
1514 1674 1907 1741 defendendo
1953 1700 2025 1742 ac
2076 1675 2258 1742 aliter
2297 1673 2733 1762 multipliciter
2771 1688 2956 1742 antea
3000 1687 3066 1742 et
3108 1673 3312 1742 indies

531 1781 711 1847 nobis
746 1781 1029 1869 impenso
1056 1793 1123 1846 et
1154 1781 1348 1867 juxta
1374 1781 1470 1846 sui
1508 1780 1699 1846 officii
1735 1780 2021 1848 debitum
2049 1782 2458 1868 imposterum
2487 1780 2912 1869 impendendo
2945 1805 2956 1818 ·
2991 1781 3305 1848 Dedimus

533 1887 947 1952 concessimus
992 1909 1065 1952 ac
1116 1909 1227 1974 per
1276 1899 1590 1973 presentes
1648 1885 1869 1950 damus
1918 1899 1984 1952 et
2027 1884 2430 1950 concedimus
2477 1907 2591 1972 pro
2637 1883 2819 1950 nobis
2864 1885 3199 1954 heredibus
3246 1903 3312 1956 et

531 1993 983 2060 successoribus
1040 1992 1263 2058 nostris
1308 1993 1431 2078 maj
1439 1991 1532 2056 ori
1580 1991 1833 2058 ballivis
1882 1991 2128 2058 civibus
2179 2003 2246 2058 et
2301 1990 2736 2058 communitati
2785 1989 3058 2058 civitatis
3103 2009 3310 2062 nostre

526 2100 807 2166 Dubline
874 2099 1153 2187 predicte
1216 2120 1613 2184 quocumque
1678 2095 1935 2163 nomine
1987 2097 2089 2163 vel
2146 2096 2482 2163 addicione
2531 2096 2802 2164 nominis
2854 2101 3310 2187 corporacionis

530 2205 785 2271 nomine
814 2204 919 2270 vel
955 2201 1313 2268 nominibus
1346 2202 1415 2266 in
1444 2199 1756 2286 aliquibus
1799 2200 1997 2267 literis
2042 2201 2402 2290 patentibus
2445 2203 2797 2289 aliquorum
2840 2207 3310 2294 progenitorum

520 2330 975 2379 antecessorum
1002 2310 1135 2377 sive
1164 2309 1665 2398 predecessorum
1709 2322 2061 2374 nostrorum
2089 2310 2195 2376 vel
2235 2310 2415 2377 aliter
2443 2310 2563 2398 ipsi
2601 2311 2704 2376 vel
2733 2310 2958 2398 aliquis
2985 2336 3202 2379 eorum
3230 2314 3299 2379 in

538 2420 771 2485 eisdem
800 2417 995 2484 literis
1020 2414 1381 2504 patentibus
1409 2437 1520 2478 seu
1557 2435 1773 2478 earum
1816 2412 2026 2499 aliqua
2069 2436 2181 2478 seu
2210 2411 2388 2478 aliter
2432 2412 2906 2501 incorporentur
2949 2431 3316 2482 censeantur

538 2538 980 2612 nuncupentur
1020 2547 1131 2589 seu
1187 2535 1587 2608 nuncupetur
1642 2533 1841 2585 totam
1900 2519 2159 2586 domum
2201 2519 2392 2585 situm
2449 2518 2757 2585 ambitum
2815 2534 2879 2585 et
2928 2521 3312 2608 precinctum

540 2631 847 2720 prioratus
890 2629 1022 2695 sive
1069 2628 1292 2693 domus
1337 2625 1627 2715 religiose
1672 2625 1979 2691 Omnium
2032 2626 2402 2691 Sanctorum
2439 2626 2632 2711 juxta
2677 2624 2996 2690 civitatem
3043 2643 3312 2692 nostram

540 2738 783 2805 Dublin
833 2737 903 2802 in
946 2750 1112 2803 terra
1159 2750 1371 2801 nostra
1417 2733 1725 2801 Hibernie
1780 2759 2178 2822 quocumque
2207 2733 2459 2801 nomine
2510 2733 2900 2800 fundacionis
2946 2734 3048 2801 vel
3097 2760 3313 2823 eorpo-

538 2844 803 2910 racionis
830 2844 963 2909 sive
990 2843 1213 2907 domus
1248 2839 1536 2929 religiose
1580 2840 1861 2927 predicta
1904 2854 2271 2907 censeantur
2309 2839 2652 2905 fundantur
2693 2839 3166 2928 incorporantur
3203 2866 3314 2907 seu

538 2948 931 3036 appellantur
986 2970 1059 3013 ac
1130 2958 1327 3011 totam
1384 2944 1709 3009 ecclesiam
1766 2944 2113 3033 campanile
2170 2958 2236 3011 et
2305 2944 2688 3013 semiterium
2759 2947 3038 3033 ejusdem
3111 2973 3313 3037 nuper

540 3053 847 3142 prioratus
894 3054 1027 3119 sive
1072 3053 1295 3117 domus
1333 3051 1621 3139 religiose
1664 3053 1942 3140 predicte
1976 3076 1988 3089 ·
2020 3052 2158 3119 Nec
2201 3076 2330 3118 non
2381 3053 2591 3119 omnia
2647 3056 2924 3121 maneria
2965 3058 3313 3147 messuagia

540 3176 729 3226 terras
786 3171 1144 3226 tenementa
1197 3157 1478 3223 redditus
1534 3157 1915 3224 reversiones
1970 3172 2037 3223 et
2092 3157 2356 3225 servicia
2411 3148 2768 3226 molendina
2837 3175 3012 3249 prata
3082 3187 3312 3251 pascua

538 3284 817 3357 pasturas
845 3267 1031 3333 silvas
1057 3266 1275 3333 boscos
1318 3266 1650 3332 subboscos
1693 3266 1912 3332 domos
1954 3266 2201 3333 edificia
2241 3266 2531 3356 grangias
2575 3291 2750 3333 orrea
2789 3269 3031 3335 stabula
3071 3270 3310 3336 colum-

538 3375 712 3440 baria
788 3372 1079 3463 piscarias
1147 3373 1449 3439 warrenia
1516 3374 1866 3440 annuitates
1915 3399 2105 3461 aquas
2179 3388 2402 3464 stagna
2465 3376 2756 3442 rectorias
2812 3377 3071 3443 vicarias
3126 3378 3310 3445 feoda

537 3478 810 3543 militum
888 3477 1333 3545 advocaciones
1406 3490 1767 3564 patronatus
1850 3478 2252 3546 ecclesiarum
2324 3482 2700 3568 capellarum
2769 3498 2834 3549 et
2891 3487 3307 3553 cantariarum

537 3608 1071 3672 quarumcumque
1137 3586 1472 3672 penciones
1544 3585 1869 3674 porciones
1940 3586 2212 3653 decimas
2290 3589 2642 3656 oblaciones
2711 3592 2913 3658 curias
2968 3593 3122 3661 letas
3175 3601 3309 3662 visa

536 3690 939 3779 fi-ansiplegia
985 3714 1059 3755 ac
1108 3689 1535 3777 perquisiones
1598 3704 1663 3755 et
1729 3688 2007 3778 proficua
2056 3692 2398 3758 earundem
2443 3718 2516 3760 ac
2559 3696 2768 3762 omnia
2812 3698 2933 3763 alia
2973 3701 3120 3785 jura
3167 3726 3305 3790 pos·

539 3796 835 3861 sessiones
864 3808 931 3861 et
962 3795 1457 3861 hereditamenta
1494 3818 1888 3881 quecumque
1931 3808 2061 3862 tam
2103 3797 2450 3885 spiritualia
2491 3824 2680 3885 quam
2707 3805 3074 3891 temporalia
3101 3808 3310 3893 cujus-

538 3926 807 3989 cumque
834 3902 1080 3991 generis
1112 3915 1332 3967 nature
1362 3902 1486 3968 sint
1514 3926 1622 3969 seu
1652 3904 1882 3991 speciei
1912 3918 1977 3969 et
2018 3905 2516 3995 quibuscumque
2559 3910 2917 3978 nominibus
2944 3930 3310 3979 censeantur

536 4010 639 4077 vel
674 4027 1129 4099 cognoscantur
1182 4034 1331 4076 cum
1378 4012 1666 4078 omnibus
1710 4025 1777 4077 et
1822 4012 2083 4102 singulis
2129 4038 2348 4080 eorum
2382 4016 2634 4103 juribus
2674 4019 2968 4086 membris
3011 4036 3075 4087 et
3117 4022 3308 4107 perti-

534 4117 774 4183 nenciis
824 4116 891 4180 in
936 4117 1335 4183 comitatibus
1390 4119 1614 4185 nostris
1676 4118 1941 4199 Dublin,
2004 4120 2226 4199 Midie,
2269 4122 2570 4203 Killdare,
2631 4125 2864 4202 Louth,
2919 4124 3305 4213 Tipperarie,

535 4224 881 4312 Kilkenny,
930 4236 995 4289 et
1048 4222 1201 4289 alibi
1256 4224 1639 4311 ubicumque
1695 4225 1861 4293 infra
1914 4242 2142 4295 terram
2199 4243 2472 4296 nostram
2530 4232 2838 4299 Hibernie
2896 4230 3064 4297 dieto
3107 4256 3308 4317 nuper

534 4332 835 4422 prioratui
878 4330 1012 4397 sive
1054 4331 1271 4396 domui
1314 4333 1601 4421 religiose
1632 4334 1842 4421 aliquo
1870 4337 2058 4402 modo
2100 4338 2522 4425 spectantibus
2569 4338 2700 4405 sive
2746 4337 3202 4428 pertinentibus
3246 4354 3310 4405 et

530 4464 655 4528 que
684 4457 753 4504 ut
784 4452 987 4526 partes
1016 4439 1283 4527 parcelle
1314 4440 1415 4506 vel
1446 4443 1726 4509 membra
1744 4467 1945 4533 nuper
1972 4444 2240 4532 predicti
2270 4446 2576 4535 prioratus
2607 4446 2736 4512 sive
2768 4446 2990 4510 domus
3021 4446 3307 4533 religiose

3243 4568 3308 4617 et
