4295 5410
2256 636 2349 702 42

925 813 1116 864 tatem
1145 796 1562 885 distringendi
1600 795 1669 860 in
1718 795 2035 883 mesuagio
2074 795 2357 883 predicto
2402 819 2549 862 cum
2599 793 2999 882 pertinenciis
3049 818 3162 882 pro
3191 794 3435 859 duobus
3480 792 3691 859 solidis

929 900 1344 989 predictarum
1374 911 1638 985 quatuor
1677 898 2076 963 solidatarum
2108 897 2476 964 durantibus
2505 898 2916 986 quadraginta
2954 898 3131 964 annis
3168 899 3462 987 predictis
3494 937 3507 949 ·
3540 923 3695 985 quo-

929 1007 1366 1092 cienscumque
1396 1006 1549 1071 dicti
1579 1006 1705 1071 duo
1735 1005 1917 1070 solidi
1945 1005 2013 1070 in
2049 1021 2223 1093 parte
2266 1007 2367 1074 vel
2397 1007 2465 1072 in
2494 1021 2624 1074 toto
2671 1032 2707 1072 a
2751 1020 2915 1072 retro
2943 1006 3177 1072 fuerint
3219 1031 3347 1071 non
3396 1006 3583 1072 soluti
3614 1005 3694 1070 ad

929 1114 1198 1200 aliquem
1220 1111 1556 1178 terminum
1585 1110 1990 1176 terminorum
2019 1110 2441 1198 predictorum
2463 1150 2475 1162 ·
2500 1125 2563 1178 et
2584 1111 2997 1177 districtiones
3019 1134 3227 1176 secum
3257 1108 3608 1176 abducendi
3630 1123 3694 1173 et

928 1225 1238 1292 retinendi
1268 1247 1590 1310 quousque
1619 1223 1738 1288 sibi
1767 1222 1845 1288 de
1875 1222 2057 1289 dictis
2086 1222 2329 1288 duobus
2358 1221 2570 1287 solidis
2606 1245 2733 1286 una
2770 1244 2916 1286 cum
2962 1218 3283 1307 arreragiis
3318 1241 3535 1284 eorum
3574 1215 3693 1282 sibi

929 1333 1202 1421 plenarie
1230 1330 1420 1396 fuerit
1447 1328 1842 1396 satisfactum.

1057 1437 1295 1503 Dantes
1339 1437 1537 1502 eciam
1566 1436 1832 1524 predicti
1859 1437 1904 1502 J
1903 1435 2179 1502 ohannes
2206 1435 2575 1502 Alexander
2615 1447 2680 1501 et
2706 1433 3067 1499 Willelmus
3119 1456 3231 1521 pro
3270 1455 3335 1498 se
3363 1429 3695 1497 heredibus

931 1557 994 1608 et
1023 1541 1342 1631 assignatis
1370 1541 1494 1606 suis
1522 1541 1773 1629 prefatis
1802 1541 2006 1606 Priori
2035 1555 2100 1605 et
2128 1539 2466 1606 conventui
2496 1564 2567 1606 ac
2603 1538 3055 1604 successoribus
3100 1550 3165 1603 et
3202 1536 3521 1625 assignatis
3571 1535 3695 1600 suis

930 1649 1180 1735 plenam
1209 1661 1423 1713 tenore
1452 1645 1839 1733 presencium
1868 1657 2235 1733 potestatem
2266 1658 2406 1731 post
2431 1643 2740 1731 predictos
2770 1643 3181 1731 quadraginta
3202 1667 3394 1708 annos
3423 1641 3697 1730 plenarie

929 1755 1268 1843 completos
1290 1751 1702 1839 distringendi
1721 1750 1790 1814 in
1811 1749 2091 1839 predicto
2118 1748 2437 1837 mesuagio
2467 1773 2611 1814 cum
2634 1747 3033 1836 pertinenciis
3055 1787 3067 1799 ·
3089 1772 3202 1836 pro
3230 1745 3524 1834 predictis
3546 1769 3694 1831 qua·

932 1877 1076 1926 tuor
1120 1859 1395 1924 solidatis
1440 1858 1720 1924 redditus
1765 1855 2308 1942 quocienscunque
2346 1852 2549 1919 dictus
2592 1852 2870 1918 redditus
2917 1865 3181 1938 quatuor
3224 1851 3621 1917 solida-tarum
3665 1874 3701 1914 a

931 1982 1096 2033 retro
1125 1966 1313 2032 fuerit
1339 1990 1466 2030 non
1513 1964 1746 2030 solutus
1793 1963 1874 2030 ad
1902 1962 2175 2048 aliquem
2206 1961 2541 2027 terminum
2579 1962 2987 2027 terminorum
3016 1960 3437 2048 predictorum
3482 1973 3547 2023 et
3574 1957 3698 2023 dis-

933 2074 1250 2140 trictiones
1292 2095 1500 2139 secum
1545 2069 1896 2138 abducendi
1927 2083 1990 2135 et
2017 2069 2329 2135 retinendi
2359 2094 2681 2155 quousque
2712 2068 2830 2135 sibi
2861 2069 2939 2134 de
2969 2069 3079 2133 illo
3122 2067 3372 2133 redditu
3400 2089 3527 2130 una
3554 2087 3699 2130 eum

934 2179 1253 2268 arreragiis
1290 2179 1344 2264 ej
1352 2178 1568 2243 usdem
1595 2176 1871 2264 plenarie
1899 2176 2088 2242 fuerit
2115 2175 2495 2242 satisfactum
2527 2215 2541 2228 ·
2576 2176 2686 2258 [In
2724 2176 2901 2262 cujus
2930 2176 3021 2241 rei
3050 2173 3474 2241 testimonium
3502 2169 3697 2258 parti]

933 2287 1120 2372 hujus
1147 2285 1478 2351 indenture
1506 2308 1696 2371 penes
1727 2283 1923 2350 dictos
1953 2284 2235 2350 Priorem
2274 2297 2338 2349 et
2366 2297 2745 2350 conventum
2783 2283 3092 2348 resedenti
3127 2279 3349 2370 prefati
3384 2279 3427 2344 J
3430 2278 3701 2342 ohannes

933 2392 1300 2458 Alexander
1327 2404 1392 2456 et
1419 2390 1778 2455 Willelmus
1813 2389 2018 2478 sigilla
2054 2414 2167 2456 sua
2204 2403 2638 2478 apposuerunt.
2727 2389 2965 2455 Datum
2992 2389 3061 2453 in
3089 2389 3244 2454 festo
3274 2385 3509 2452 Pasche
3538 2406 3701 2448 anno

934 2497 1112 2585 regni
1157 2495 1320 2584 regis
1358 2495 1621 2561 Henrici
1668 2494 1832 2560 sexti
1870 2494 2090 2581 quinto
2137 2508 2202 2560 et
2240 2517 2402 2560 anno
2440 2492 2702 2559 Domini
2737 2492 3067 2558 millesimo
3106 2489 3699 2578 quadringintesimo

937 2601 1231 2666 vicesimo
1261 2601 1498 2687 quinto.

2120 2860 2503 2931 XXXIX.

1773 3102 1780 3107 -
1871 3046 1986 3122 m
2020 3046 2367 3137 supranittu
2404 3057 2760 3119 ammento.

1144 3238 1260 3303 EC
1290 3238 1630 3304 dividenda
1659 3248 1915 3303 testatur
1941 3238 2109 3323 quod
2138 3236 2321 3302 Prior
2348 3250 2413 3301 et
2440 3248 2782 3302 conventus
2820 3234 3077 3301 ecclesie
3107 3233 3410 3301 Omnium
3444 3232 3699 3300 Sancto-

1186 3369 1326 3410 rum
1347 3345 1538 3431 juxta
1565 3344 1808 3409 Dublin
1853 3344 2225 3409 remiserunt
2260 3358 2325 3409 et
2361 3344 2799 3408 relaxaverunt
2828 3340 3101 3406 Roberto
3131 3340 3549 3428 Haysbourne
3577 3338 3704 3403 civi

939 3450 1182 3517 Dublin
1212 3451 1420 3516 omnia
1449 3450 1753 3538 arreragia
1777 3489 1790 3501 ·
1815 3463 2082 3535 quatuor
2110 3448 2406 3515 videlicet
2434 3448 2771 3513 solidorum
2801 3446 2993 3511 annui
3022 3445 3300 3511 redditus
3328 3443 3705 3511 exeuncium

944 3556 1022 3621 de
1065 3555 1335 3641 quodam
1375 3567 1729 3620 tenemento
1765 3554 1833 3618 in
1873 3554 2167 3642 parochia
2198 3553 2411 3620 Sancti
2438 3552 2729 3619 Nicholai
2756 3552 2825 3617 in
2855 3553 2995 3619 vico
3042 3553 3152 3639 qui
3181 3553 3410 3619 dicitur
3438 3550 3705 3618 Rochel-

939 3674 1088 3726 stret
1116 3660 1194 3725 de
1224 3672 1356 3724 toto
1388 3657 1648 3724 termino
1677 3670 1983 3724 transacto
2020 3682 2217 3744 usque
2257 3658 2336 3723 ad
2364 3658 2590 3723 festum
2619 3658 2855 3723 Pasche
2896 3682 3059 3723 anno
3088 3658 3349 3725 Domini
3377 3658 3706 3723 millesimo

939 3791 1046 3831 ccc
1099 3765 1391 3831 vicesimo
1441 3765 1661 3851 quinto
1712 3764 2138 3851 quodquidem
2184 3777 2613 3830 tenementum
2661 3764 2941 3830 continet
2972 3764 3041 3828 in
3081 3764 3473 3853 longitudine
3519 3789 3557 3829 a
3602 3764 3705 3829 via

939 3871 1113 3959 regia
1158 3894 1242 3936 ex
1286 3882 1458 3957 parte
1505 3870 1755 3937 australi
1786 3869 2117 3956 quinquies
2147 3869 2377 3958 viginti
2405 3882 2471 3937 et
2499 3869 2857 3956 quindecim
2886 3870 3079 3957 pedes
3117 3894 3315 3956 usque
3362 3870 3441 3935 ad
3479 3881 3705 3935 terram

942 3979 1096 4043 dicti
1126 3978 1384 4043 Roberti
1424 4002 1507 4044 ex
1536 3990 1710 4065 parte
1751 3978 2089 4064 aquilonali
2122 4016 2135 4028 ·
2168 3978 2236 4042 in
2265 3977 2597 4043 latitudine
2644 4002 2793 4043 vero
2831 3978 3062 4066 viginti
3092 3991 3155 4044 et
3182 4001 3410 4043 novem
3438 3975 3627 4064 pedes
3673 4000 3710 4039 a

942 4099 1104 4150 terra
1133 4085 1393 4149 Roberti
1422 4085 1500 4151 ‹le
1529 4085 1774 4175 Wylby
1803 4110 1887 4151 ex
1916 4099 2089 4173 parte
2129 4085 2415 4153 orientali
2444 4110 2638 4173 usque
2682 4086 2763 4153 ad
2792 4099 3017 4153 terram
3049 4086 3262 4152 Sancti
3289 4086 3333 4150 J
3336 4083 3595 4151 ohannis
3622 4108 3709 4149 ex

935 4190 1326 4256 occidentali.

1071 4296 1171 4361 Ita
1198 4295 1366 4381 quod
1389 4293 1654 4383 predicti
1677 4295 1858 4361 Prior
1886 4309 1951 4363 et
1979 4312 2324 4365 conventus
2372 4312 2437 4365 et
2479 4323 2853 4367 successores
2896 4300 2993 4365 sui
3014 4300 3092 4366 de
3132 4302 3413 4388 predicto
3436 4302 3712 4367 Roberto

941 4401 1274 4468 heredibus
1320 4415 1384 4467 et
1419 4400 1740 4489 assignatis
1779 4402 1904 4467 suis
1934 4403 2013 4469 ad
2043 4428 2579 4491 quorumcumque
2626 4428 2844 4471 manus
2875 4405 3197 4473 devenerit
3230 4445 3242 4457 ·
3276 4431 3311 4473 a
3358 4407 3709 4495 supradicto

3552 4513 3705 4578 festo
