4295 5410
2235 612 2391 687 lviii

903 809 1122 861 -tarum
1150 819 1492 861 marcarum
1519 819 1672 881 quas
1694 795 1888 861 iidem
1918 796 2040 882 maj
2049 820 2119 861 or
2147 810 2213 862 et
2240 795 2461 861 ballivi
2490 796 2811 862 annuatim
2842 796 2961 862 sibi
2991 795 3325 862 heredibus
3352 809 3419 862 et
3462 819 3700 864 succes-

921 903 1164 969 soribus
1191 902 1316 967 suis
1345 902 1604 967 reddere
1633 902 2008 967 tenebantur
2037 902 2116 967 ad
2152 900 2489 965 servicium
2532 899 2773 965 domini
2818 899 2983 987 regis
3026 912 3187 965 terre
3232 923 3341 965 sue
3392 901 3703 968 Hibernie

918 1032 1034 1097 pro
1072 1008 1434 1075 feodofirma
1486 1006 1758 1072 civitatis
1809 1006 2089 1095 predicte
2133 1020 2321 1094 prout
2366 1005 2433 1071 in
2477 1005 2712 1071 eisdem
2765 1004 2990 1071 litteris
3054 1004 3412 1093 patentibus
3457 1005 3703 1093 plenius

918 1114 1122 1202 liquet
1170 1140 1183 1153 ·
1233 1138 1304 1178 ac
1332 1112 1520 1178 etiam
1551 1135 1697 1177 cum
1725 1136 1838 1177 nos
1868 1135 1980 1199 per
2009 1110 2245 1176 litteras
2274 1124 2511 1176 nostras
2539 1124 2821 1200 petentes
2848 1112 2964 1176 sub
2994 1134 3227 1199 magno
3256 1110 3463 1197 sigillo
3492 1124 3701 1176 nostro

919 1219 1158 1307 Anglie
1201 1232 1486 1306 gerentes
1530 1216 1746 1281 datum
1791 1215 1958 1302 apud
2004 1214 2635 1279 westmonasterium
2686 1212 2907 1299 quinto
2958 1213 3062 1280 die
3120 1213 3496 1279 Novembris
3539 1238 3703 1279 anno

917 1326 1099 1416 regni
1139 1324 1336 1391 nostri
1379 1323 1654 1389 secundo
1697 1322 2052 1388 dederimus
2081 1334 2146 1387 et
2192 1320 2607 1387 concessimus
2655 1344 2769 1408 pro
2808 1320 2989 1386 nobis
3017 1336 3081 1386 et
3110 1319 3447 1385 heredibus
3474 1319 3701 1384 nostris

920 1447 1070 1498 tunc
1099 1432 1221 1518 maj
1230 1430 1322 1495 ori
1351 1429 1602 1496 ballivis
1629 1429 1874 1495 civibus
1903 1443 1968 1495 et
1996 1427 2433 1493 communitati
2476 1426 2749 1495 civitatis
2785 1442 2992 1494 nostre
3034 1426 3285 1493 Dublin
3312 1426 3592 1514 predicte
3635 1439 3700 1491 et

905 1538 1368 1605 successoribus
1397 1538 1523 1603 suis
1552 1538 1620 1603 in
1650 1537 1963 1603 auxilium
2002 1551 2066 1602 et
2103 1536 2647 1625 supportacionem
2692 1535 2858 1601 dicte
2902 1535 3175 1601 civitatis
3217 1548 3427 1600 nostre
3469 1532 3699 1623 viginti

914 1642 1104 1709 libras
1156 1643 1234 1710 de
1295 1642 1464 1709 dicta
1530 1641 1895 1708 feodofirma
1952 1643 2363 1708 ducentarum
2420 1666 2767 1707 marcarum
2824 1666 2935 1729 per
2992 1664 3227 1706 annum
3285 1665 3299 1678 ·
3363 1640 3703 1707 Habendos

917 1749 1216 1814 levandas
1243 1760 1308 1814 et
1334 1747 1690 1814 retinendas
1731 1748 1801 1811 in
1843 1747 2132 1812 manibus
2176 1747 2302 1812 suis
2344 1746 2611 1834 propriis
2654 1760 2719 1812 et
2754 1770 3174 1812 successorum
3219 1768 3471 1811 suorum
3506 1769 3702 1832 usque

916 1855 1107 1921 finem
1166 1852 1419 1920 termini
1478 1851 1892 1939 quadraginta
1941 1875 2246 1917 annorum
2305 1864 2457 1916 tunc
2514 1850 2805 1939 proxime
2862 1851 3267 1939 sequencium
3311 1865 3375 1917 et
3424 1852 3702 1939 plenarie

918 1959 1432 2049 complendorum
1463 1959 1695 2045 absque
1724 1970 2018 2044 compoto
2047 1981 2160 2021 suo
2189 1956 2403 2042 aliquo
2430 1956 2553 2022 alio
2582 1956 2731 2023 inde
2760 1957 2941 2024 nobis
2970 1956 3306 2023 heredibus
3335 1957 3438 2022 vel
3467 1981 3701 2023 succes-

912 2067 1153 2132 soribus
1180 2064 1408 2130 nostris
1437 2063 1699 2129 durante
1731 2064 1998 2128 termino
2027 2062 2313 2151 predicto
2342 2063 2663 2129 reddendo
2722 2063 3023 2130 solvendo
3052 2088 3162 2129 seu
3190 2062 3477 2128 faciendo
3509 2078 3699 2151 prout

914 2174 983 2236 in
1014 2169 1199 2236 dictis
1226 2169 1450 2234 litteris
1479 2168 1704 2233 nostris
1732 2166 2091 2254 patentibus
2120 2167 2369 2255 plenius
2398 2167 2599 2252 liquet
2644 2192 2656 2203 ·
2703 2167 2833 2233 Nos
2863 2168 3095 2255 pietate
3132 2168 3288 2233 moti
3332 2193 3459 2233 non
3498 2169 3698 2233 solum

914 2273 1212 2362 premissa
1268 2271 1726 2338 considerantes
1784 2293 2006 2334 verum
2063 2268 2255 2335 etiam
2312 2268 2701 2336 debilitatem
2762 2287 2827 2338 et
2892 2274 3321 2340 ruinositatem
3378 2297 3699 2340 murorum

911 2376 1350 2444 fortilatiorum
1392 2390 1457 2441 et
1496 2375 1764 2440 turrium
1814 2373 1982 2439 dicte
2033 2372 2306 2438 civitatis
2345 2388 2554 2441 nostre
2592 2376 2673 2441 ad
2710 2401 2964 2465 presens
3003 2403 3074 2445 ac
3112 2404 3225 2468 pro
3254 2380 3699 2445 emendacione

912 2481 1360 2549 fortificacione
1389 2494 1454 2546 et
1480 2478 1960 2570 supportacione
2000 2477 2274 2545 civitatis
2304 2494 2510 2548 nostre
2538 2484 2819 2571 predicte
2844 2485 2922 2551 de
2950 2486 3161 2574 gracia
3196 2500 3405 2551 nostra
3440 2486 3699 2574 speciali

911 2614 983 2655 ac
1012 2610 1095 2655 ex
1125 2602 1292 2655 certa
1321 2586 1582 2653 scientia
1609 2600 1675 2652 et
1715 2610 1889 2651 mero
1931 2600 2111 2651 motu
2156 2587 2380 2653 nostris
2424 2588 2711 2655 dedimus
2755 2592 3173 2658 concessimus
3214 2593 3592 2658 remissimus
3634 2605 3699 2657 et

907 2694 1329 2762 relaxavimus
1359 2719 1430 2761 ac
1459 2719 1572 2783 per
1600 2709 1915 2781 presentes
1945 2692 2167 2760 damus
2210 2694 2614 2762 concedimus
2658 2696 3033 2765 remittimus
3078 2714 3142 2765 et
3183 2699 3537 2766 relaxamus
3581 2724 3693 2786 pro

909 2801 1092 2868 nobis
1120 2799 1456 2867 heredibus
1485 2815 1551 2864 et
1579 2798 2034 2864 successoribus
2063 2799 2290 2864 nostris
2332 2801 2568 2866 eisdem
2612 2803 2733 2889 maj
2741 2803 2833 2868 ori
2876 2805 3125 2870 ballivis
3167 2804 3411 2871 civibus
3440 2819 3505 2871 et
3532 2829 3697 2870 com·

908 2910 1202 2976 munitati
1245 2908 1517 2974 civitatis
1561 2922 1768 2972 nostre
1811 2906 2127 2972 Dublinie
2180 2907 2458 2994 predicte
2506 2922 2571 2974 et
2620 2932 2838 2975 eorum
2882 2912 3335 2977 successoribus
3385 2911 3693 2999 predictas

909 3014 1323 3103 quadraginta
1371 3037 1599 3080 novem
1649 3013 1838 3078 libras
1894 3037 2007 3078 sex
2063 3013 2295 3080 solidos
2344 3028 2410 3081 et
2468 3031 2607 3082 octo
2659 3018 2943 3084 denarios
2992 3035 3121 3086 tam
3179 3043 3292 3109 per
3342 3019 3693 3106 predictum

910 3120 1402 3206 predecessorem
1447 3133 1729 3183 nostrum
1770 3117 2159 3185 Richardum
2198 3142 2399 3207 nuper
2434 3145 2643 3209 regem
2688 3125 2924 3213 Anglie
2962 3127 3051 3191 eis
3090 3141 3163 3192 ut
3210 3127 3492 3214 superius
3542 3129 3694 3192 reci-

911 3238 1078 3290 tatur
1106 3248 1422 3292 concessas
1451 3248 1640 3311 quam
1669 3223 1978 3312 predictas
2008 3225 2239 3314 viginti
2277 3225 2467 3292 libras
2496 3252 2733 3295 annuas
2772 3254 2883 3319 per
2920 3256 3033 3296 nos
3078 3233 3167 3298 eis
3209 3257 3527 3299 concessas
3554 3257 3692 3320 par-

909 3330 1132 3397 cellam
1168 3329 1530 3396 feodofirme
1571 3329 1850 3418 predicte
1878 3331 2301 3416 predictarum
2342 3332 2752 3400 ducentarum
2793 3361 3136 3403 marcarum
3175 3338 3446 3404 civitatis
3482 3353 3693 3404 nostre

911 3437 1190 3524 predicte
1237 3460 1308 3500 ac
1367 3449 1570 3500 totum
1609 3434 1717 3520 jus
1764 3447 2044 3497 nostrum
2102 3448 2333 3498 statum
2382 3437 2640 3502 titulum
2687 3438 2993 3505 clameum
3024 3455 3090 3506 et
3146 3441 3527 3508 demendum
3559 3443 3694 3507 Ha-

910 3542 1116 3608 benda
1158 3554 1223 3607 et
1259 3540 1587 3606 retinenda
1625 3539 1692 3603 in
1733 3537 2022 3602 manibus
2065 3538 2191 3603 suis
2251 3540 2517 3628 propriis
2576 3559 2641 3608 et
2696 3538 3115 3611 successorum
3174 3572 3425 3613 suorum
3460 3549 3689 3636 imper-

910 3661 1172 3736 petuum
1231 3647 1463 3732 absque
1519 3643 1729 3730 aliquo
1789 3658 2079 3730 compoto
2137 3645 2401 3732 proinde
2459 3647 2640 3713 nobis
2698 3649 3031 3716 heredibus
3081 3652 3184 3718 vel
3240 3655 3693 3720 successoribus

907 3753 1131 3819 nostris
1158 3751 1478 3818 reddendo
1509 3749 1808 3816 solvendo
1840 3773 1950 3814 seu
1980 3748 2284 3815 faciendo.
2330 3751 2420 3816 Et
2437 3754 2607 3839 quod
2652 3754 2773 3843 ipsi
2814 3781 2983 3822 nunc
3030 3759 3229 3846 major
3265 3759 3482 3826 ballivi
3522 3761 3690 3825 cives

911 3872 975 3924 et
1017 3858 1430 3924 communitas
1472 3854 1743 3921 civitatis
1786 3853 2068 3943 predicte
2122 3868 2187 3920 et
2242 3880 2458 3922 eorum
2516 3883 2890 3926 successores
2948 3887 3097 3952 erga
3150 3888 3265 3929 nos
3326 3866 3585 3932 heredes
3628 3879 3694 3931 et

911 3987 1288 4030 successores
1335 3976 1574 4028 nostros
1632 3975 1762 4027 tam
1820 3962 1898 4026 de
1957 3961 2258 4048 predictis
2317 3965 2729 4053 quadraginta
2789 3992 3017 4034 novem
3072 3971 3249 4036 libris
3306 3995 3419 4037 sex
3478 3972 3691 4038 solidis

912 4084 978 4136 et
1033 4084 1174 4134 octo
1232 4069 1500 4135 denariis
1560 4093 1748 4155 quam
1839 4068 1918 4133 de
1999 4068 2296 4156 predictis
2381 4071 2611 4160 viginti
2667 4074 2843 4141 libris
2930 4078 3199 4165 parcella
3269 4078 3689 4166 predictarum

911 4178 1322 4242 ducentarum
1369 4199 1714 4240 marcarum
1759 4175 2122 4241 feodofirme
2174 4176 2445 4244 civitatis
2491 4181 2770 4268 predicte
2813 4183 3277 4272 imperpetuum
3324 4186 3450 4250 sint
3491 4184 3688 4271 quieti

910 4299 975 4350 et
1017 4282 1342 4350 exonerati
1387 4307 1498 4370 per
1542 4297 1874 4371 presentes.
1961 4285 2066 4350 Ac
2110 4285 2301 4350 etiam
2344 4287 2633 4355 volumus
2676 4303 2739 4354 et
2781 4314 2893 4379 per
2935 4307 3247 4378 presentes
3291 4290 3690 4358 concedimus

913 4390 1083 4476 quod
1140 4413 1267 4455 non
1327 4390 1610 4456 obstante
1670 4389 1879 4475 aliqua
1921 4390 2338 4476 inquisicione
2381 4395 2512 4462 sive
2566 4397 3083 4482 inquisicionibus
3141 4423 3251 4464 seu
3310 4397 3552 4464 officiiis
3609 4397 3688 4462 de

3379 4525 3689 4592 prem1ss1s
