4295 5410
603 805 1026 876 discedentem
1043 831 1192 876 vero
1209 809 1442 898 absque
1463 811 1894 878 communium
1903 812 2225 880 literarum
2242 827 2587 882 vestrarum
2607 817 2904 884 caucione
2921 818 3131 885 nullus
3160 819 3387 888 audeat

605 929 892 982 retinere.

733 1021 899 1088 Cum
929 1035 1138 1088 autem
1161 1023 1450 1111 generale
1477 1022 1883 1091 interdictum
1905 1039 2066 1092 terre
2087 1023 2280 1091 fuerit
2308 1025 2495 1092 liceat
2518 1025 2699 1092 vobis
2726 1027 2952 1094 clausis
2973 1029 3189 1116 januis
3223 1069 3236 1082 ·
3268 1055 3381 1096 ex-

599 1129 785 1196 clusis
806 1131 1365 1198 excommunicatis
1387 1145 1452 1198 et
1469 1131 1818 1198 interdictis
1839 1171 1852 1184 ·
1872 1157 2000 1198 non
2023 1133 2283 1222 pulsatis
2305 1133 2622 1221 campanis
2651 1157 2974 1222 suppressa
2993 1159 3147 1201 voce
3169 1136 3384 1202 divina

601 1235 804 1303 officia
831 1237 1160 1304 celebrare.
1247 1237 1615 1304 Inhibemus
1643 1223 1892 1326 quoque
1921 1263 2002 1305 ne
2032 1239 2171 1324 quis
2200 1239 2267 1304 in
2289 1262 2401 1305 vos
2423 1239 2526 1305 vel
2554 1238 2875 1306 ecclesiam
2904 1255 3173 1306 vestram
3206 1281 3218 1293 -
3249 1241 3382 1308 sine

599 1340 925 1408 manifesta
952 1355 1017 1407 et
1031 1366 1216 1408 causa
1242 1342 1597 1408 rationabili
1621 1382 1634 1395 ·
1659 1343 2337 1409 excommunicacionis
2366 1342 2467 1408 vel
2494 1342 2817 1408 interdicti
2846 1345 3215 1411 sententiam
3238 1371 3380 1434 pro-

597 1445 756 1512 ferre
785 1461 1118 1534 presumat.
1207 1448 1499 1514 Preterea
1543 1448 2023 1516 consuetudines
2067 1461 2134 1514 et
2178 1447 2465 1534 antiquas
2493 1447 2813 1514 libertates
2855 1463 2921 1514 et
2956 1449 3381 1517 immunitates

599 1550 802 1616 eidem
841 1552 1098 1618 ecclesie
1135 1551 1588 1618 rationabiliter
1631 1576 1946 1620 concessas
1977 1589 1994 1604 ·
2033 1565 2100 1618 et
2124 1553 2427 1618 hactenus
2466 1552 2817 1618 observatas
2850 1590 2861 1604 ·
2894 1569 3055 1620 ratas
3080 1555 3383 1622 habemus

603 1671 667 1722 et
691 1657 898 1724 firmas
926 1659 1312 1747 temporibus
1339 1659 1567 1725 futuris
1597 1684 1958 1748 permanere
1986 1660 2353 1726 sanccimus.

730 1765 882 1831 Paci
911 1789 1160 1852 quoque
1206 1780 1272 1831 et
1297 1764 1734 1852 tranquillitati
1762 1777 1966 1830 vestre
1994 1777 2253 1851 paterna
2296 1761 2717 1828 sollicitudine
2746 1763 3075 1851 providere
3104 1766 3383 1832 volentes

602 1869 965 1935 auctoritate
1013 1869 1350 1957 apostolica
1391 1868 1795 1956 prohibemus
1839 1881 1914 1933 ut
1955 1867 2120 1933 infra
2168 1866 2480 1933 clausuras
2508 1867 2787 1932 locorum
2832 1893 2943 1935 seu
2980 1872 3381 1960 grangianun

599 1989 942 2042 vestrarum
969 1976 1180 2042 nullus
1216 1975 1590 2041 violenciam
1629 1975 1732 2040 vel
1761 1972 2046 2062 rapinam
2073 1997 2185 2038 seu
2210 1972 2449 2038 furtum
2479 1973 2867 2040 committere
2901 2014 2914 2026 ·
2945 1975 3159 2064 ignem
3190 2003 3379 2068 appo-

599 2102 746 2145 nere
779 2118 792 2133 ·
823 2079 1143 2146 hominem
1165 2104 1385 2168 capere
1414 2080 1518 2146 vel
1547 2080 1892 2147 interficere
1921 2080 2132 2166 aliqua
2160 2079 2507 2146 temeritate
2534 2095 2867 2168 presumat.

728 2186 1022 2254 obeunte
1050 2211 1200 2253 vero
1227 2201 1292 2254 te
1319 2212 1488 2254 nunc
1517 2188 1798 2274 ejusdem
1827 2188 1950 2254 loci
1980 2187 2201 2253 Priore
2230 2187 2334 2253 vel
2372 2200 2626 2252 tuorum
2654 2188 2937 2273 quolibet
2964 2213 3381 2256 successorum

596 2292 806 2357 nullus
822 2293 912 2358 ibi
931 2294 1210 2380 qualibet
1227 2293 1638 2382 surrepcionis
1659 2294 1884 2359 astutia
1911 2317 2021 2359 seu
2043 2293 2354 2359 violencia
2374 2307 2754 2380 preponatur
2774 2331 2789 2346 ·
2812 2293 2933 2358 nisi
2956 2319 3142 2380 quem
3165 2296 3380 2362 fratres

598 2400 916 2464 communi
945 2422 1248 2466 consensu
1275 2400 1378 2466 vel
1407 2400 1670 2466 fratrum
1699 2400 1898 2486 major
1925 2423 2066 2488 pars
2095 2399 2340 2466 consilii
2370 2399 2628 2464 sanioris
2668 2398 3010 2465 secundum
3042 2400 3167 2467 Dei
3196 2403 3378 2468 timo-

597 2527 730 2569 rem
758 2519 824 2570 et
843 2506 1010 2572 beati
1039 2505 1386 2595 Augustini
1414 2507 1694 2596 regulam
1724 2506 2113 2594 providerint
2141 2505 2523 2594 eligendum.

728 2615 1128 2704 Sepulturam
1157 2640 1406 2704 quoque
1434 2615 1632 2704 ipsius
1660 2615 1784 2681 loci
1813 2614 2074 2681 liberam
2103 2637 2236 2680 esse
2266 2611 2657 2678 decernimus
2700 2626 2772 2677 ut
2800 2636 3017 2678 eorum
3047 2614 3377 2682 devocioni

591 2734 658 2787 et
673 2735 956 2788 extreme
983 2721 1294 2787 voluntati
1313 2720 1422 2808 qui
1441 2745 1504 2787 se
1525 2720 1658 2787 illic
1686 2720 1935 2808 sepeliri
1964 2718 2449 2785 deliberaverint
2470 2756 2487 2771 ·
2510 2718 2633 2783 nisi
2654 2718 2813 2785 forte
2844 2723 3371 2790 excommunicati

589 2826 692 2892 vel
721 2826 1038 2893 interdicti
1065 2826 1191 2891 sint
1220 2864 1235 2877 ·
1267 2825 1476 2891 nullus
1515 2824 1789 2891 obsistat.
1880 2822 2068 2889 Salva
2095 2836 2307 2889 tamen
2328 2822 2585 2908 justicia
2613 2822 2861 2887 illarum
2901 2826 3299 2893 ecclesiarum
3338 2856 3376 2895 a

590 2933 820 3018 quibus
847 2946 1232 2999 mortuorum
1260 2956 1520 3021 corpora
1540 2942 1954 2997 assumuntur.
2009 2928 2424 2995 Decernimus
2451 2952 2603 3016 ergo
2630 2941 2705 2994 ut
2720 2928 2878 2994 nulli
2898 2931 3152 2996 omnino
3170 2932 3371 2997 homi-

587 3062 739 3103 num
768 3038 955 3105 liceat
980 3050 1321 3125 pretactam
1351 3034 1676 3102 ecclesiam
1705 3048 1938 3099 temere
1968 3034 2329 3121 perturbare
2354 3071 2369 3085 ·
2394 3046 2503 3099 aut
2530 3033 2665 3119 ejus
2693 3032 3104 3119 possessiones
3134 3036 3371 3103 auferre

588 3144 692 3210 vel
720 3144 952 3211 ablatas
981 3144 1247 3211 retinere
1281 3182 1294 3193 ·
1325 3143 1608 3208 minuere
1646 3165 1758 3207 seu
1787 3140 2173 3226 quibuslibet
2200 3139 2652 3206 vexacionibus
2686 3139 2945 3227 fatigare
2978 3178 2991 3191 ·
3024 3141 3132 3206 sed
3163 3143 3372 3207 omnia

589 3250 834 3339 integra
861 3262 1304 3316 conserventur
1331 3271 1547 3313 eorum
1576 3270 1690 3335 pro
1720 3269 1986 3333 quorum
2015 3244 2477 3333 gubernacione
2508 3260 2572 3310 et
2599 3244 3055 3311 sustentacione
3084 3271 3373 3313 concessa

585 3370 732 3421 sunt
758 3356 974 3422 usibus
1001 3353 1376 3419 omnimodis
1403 3352 1744 3441 profutura.
1808 3351 1996 3418 Salva
2025 3351 2188 3417 sedis
2216 3351 2553 3437 apostolice
2577 3348 2943 3416 auctoritate
2972 3364 3037 3417 et
3057 3352 3368 3419 diocesani

589 3462 868 3550 episcopi
895 3462 1194 3529 canonica
1213 3461 1486 3547 justicia.

720 3570 790 3637 Si
821 3594 945 3656 qua
971 3570 1167 3659 igitur
1194 3569 1260 3634 in
1283 3570 1568 3634 futurum
1591 3567 2006 3635 ecclesiastica
2031 3565 2403 3632 secularisve
2432 3586 2693 3652 persona
2713 3562 2875 3629 hanc
2902 3576 3111 3629 nostre
3138 3566 3367 3631 consti—

587 3680 854 3747 tucionis
882 3678 1176 3767 paginam
1206 3678 1403 3743 sciens
1433 3691 1650 3744 contra
1677 3700 1812 3743 eam
1833 3690 2066 3741 temere
2095 3674 2311 3739 venire
2334 3670 2736 3759 temptaverit
2756 3707 2769 3720 ·
2790 3670 3063 3736 secundo
3094 3670 3364 3736 terciove

583 3784 962 3851 commonita
987 3782 1108 3847 nisi
1125 3795 1365 3848 reatum
1388 3806 1572 3847 suum
1589 3780 1782 3869 digna
1803 3778 2219 3846 satisfactione
2247 3778 2591 3845 correxerit
2612 3816 2624 3829 ·
2644 3778 2965 3865 potestatis
2985 3778 3361 3865 honorisque

582 3891 682 3956 sui
711 3890 1016 3979 dignitate
1045 3902 1252 3955 careat
1272 3924 1286 3939 ·
1304 3911 1598 3974 reamque
1627 3910 1692 3952 se
1722 3884 1942 3951 divino
1961 3885 2207 3972 judicio
2236 3885 2507 3951 existere
2536 3884 2615 3949 de
2644 3898 2997 3971 perpetrata
3026 3885 3359 3971 iniquitate

583 4009 916 4086 cognoscat
935 4034 948 4047 ·
973 4008 1038 4061 et
1055 4019 1092 4059 a
1111 3992 1518 4060 sacratissimo
1539 4013 1796 4078 corpore
1819 4014 1892 4055 ac
1915 3989 2217 4077 sanguine
2228 3988 2353 4053 Dei
2375 4002 2440 4054 et
2456 3986 2719 4051 Domini
2735 3987 3143 4075 redemptoris
3165 3991 3359 4055 nostri

579 4108 780 4173 Jhesu
803 4102 1039 4171 Christi
1067 4101 1271 4168 aliena
1297 4100 1408 4166 fiat
1435 4137 1448 4152 ·
1481 4116 1666 4185 atque
1695 4095 1766 4161 in
1793 4110 2079 4161 extremo
2108 4093 2401 4159 examine
2431 4090 2709 4157 districte
2746 4090 2975 4156 ultioni
3021 4093 3354 4178 subjaceat.

582 4212 842 4279 Cunctis
887 4223 1098 4277 autem
1141 4207 1349 4275 eidem
1393 4208 1533 4273 loco
1585 4229 1697 4271 sua
1729 4205 1876 4290 jura
1919 4201 2310 4268 servantibus
2356 4200 2437 4266 sit
2462 4224 2593 4287 pax
2628 4198 2889 4263 Domini
2935 4200 3131 4265 nostri
3156 4202 3202 4266 J
3203 4202 3355 4266 hesu

581 4320 814 4387 Christi
849 4358 862 4371 ·
895 4318 1188 4405 quatinus
1237 4330 1302 4383 et
1338 4316 1443 4383 hic
1475 4316 1749 4382 fructum
1787 4314 1950 4379 bone
1995 4309 2259 4377 actionis
2286 4308 2638 4397 percipiant
2668 4346 2681 4358 ·
2714 4322 2778 4373 et
2805 4309 2975 4396 apud
3002 4308 3351 4375 districtum

569 4428 852 4514 judicem
902 4424 1140 4514 premia
1183 4436 1394 4490 eterne
1441 4422 1611 4513 pacis
1649 4419 1976 4487 inveniant
2019 4458 2033 4471 ·
2065 4440 2265 4485 amen.
2356 4414 2593 4482 Datum
2624 4414 2879 4482 Verone
2925 4438 3037 4503 per
3094 4439 3348 4481 manum

3097 4521 3347 4587 Albcrti
