4295 5410
1975 667 2066 740 43

627 824 780 889 festo
811 823 1048 890 Pasche
1079 836 1344 910 quatuor
1373 823 1598 890 solidos
1621 824 1862 912 argenti
1893 824 1972 889 ad
2001 825 2156 889 duos
2180 824 2326 889 anni
2356 823 2651 888 terminos
2682 824 2759 889 de
2789 825 3007 890 eodem
3036 837 3391 891 tenemento

625 931 943 994 annuatim
974 931 1321 1018 percipiant
1355 932 1814 1020 imperpetuum
1851 970 1864 983 ·
1895 933 2295 998 medietatem
2334 932 2629 998 videlicet
2666 932 2735 997 in
2772 933 2943 997 omni
2970 933 3125 999 festo
3154 935 3391 1000 Pasche

625 1049 690 1100 et
717 1035 901 1100 aliam
933 1036 1332 1103 medietatem
1360 1039 1428 1102 in
1459 1039 1628 1104 omni
1658 1039 1813 1105 festo
1847 1039 2060 1105 Sancti
2092 1038 2440 1105 Michaelis,
2855 1051 2861 1056 '

753 1141 840 1205 Et
867 1141 1052 1206 liceat
1080 1143 1376 1229 predictis
1405 1143 1610 1208 Priori
1649 1157 1713 1209 et
1741 1144 2078 1209 conventui
2108 1157 2173 1209 et
2201 1143 2649 1210 successoribus
2686 1144 2812 1209 suis
2840 1145 3189 1232 predictum
3218 1161 3389 1212 tene·

625 1261 904 1312 mentum
949 1273 1032 1312 ex
1063 1273 1455 1335 quacumque
1484 1263 1657 1337 parte
1687 1250 2000 1317 voluerint
2027 1274 2140 1338 pro
2184 1250 2465 1338 predicto
2515 1250 2766 1315 redditu
2794 1251 2987 1316 libere
3018 1252 3311 1338 quociens
3358 1279 3394 1318 a

625 1372 786 1422 retro
807 1357 996 1422 fuerit
1018 1357 1385 1445 distringere
1413 1371 1476 1422 et
1498 1357 1911 1424 districtiones
1933 1381 2127 1443 usque
2152 1357 2230 1421 ad
2252 1357 2501 1444 plenam
2532 1357 2686 1422 dicti
2708 1358 2985 1423 redditus
3016 1359 3393 1424 solucionem

625 1463 905 1528 retinere.
994 1463 1072 1528 In
1118 1462 1296 1546 cujus
1341 1461 1431 1526 rei
1468 1461 1892 1527 testimonium
1922 1461 2072 1527 huic
2102 1461 2442 1526 dividende
2488 1461 2693 1547 sigilla
2720 1463 3001 1550 parcium
3046 1463 3393 1528 alternatim

618 1582 762 1632 sunt
789 1591 1073 1656 appensa.
1162 1567 1400 1632 Datum
1430 1566 1673 1634 Dublin
1703 1567 1770 1631 in
1799 1567 2018 1655 vigilia
2041 1567 2279 1634 Pasche
2308 1591 2471 1632 anno
2500 1567 2875 1656 supradicto,

1929 1933 2094 2005 XL.

1022 2119 1136 2194 me
1171 2133 1507 2195 tenemento
1546 2121 1612 2194 ίιι
1648 2119 1776 2193 altu
1809 2119 1934 2195 tito
1971 2121 2039 2194 ίιι
2073 2119 2362 2212 parocbia
2398 2118 2643 2204 aeantti
2677 2120 2989 2196 autumi.

833 2310 949 2376 EC
979 2323 1072 2376 est
1099 2311 1440 2376 convencio
1461 2310 1623 2375 facta
1651 2309 1814 2374 inter
1836 2310 2117 2375 Priorem
2147 2324 2212 2374 et
2239 2323 2617 2375 conventum
2642 2311 2860 2375 domus
2879 2309 3181 2375 Omnium
3205 2311 3393 2377 Sanc·

877 2432 1080 2482 torum
1101 2417 1293 2502 juxta
1321 2416 1562 2481 Dublin
1593 2440 1677 2481 ex
1707 2429 1880 2504 parte
1911 2441 2038 2481 una
2072 2430 2136 2481 et
2164 2416 2483 2504 Rogerum
2514 2417 2778 2482 Colman
2807 2416 3009 2482 civem
3039 2415 3282 2482 Dublin
3312 2440 3397 2480 ex

630 2523 817 2590 altera
849 2562 861 2574 ·
893 2523 1187 2589 videlicet
1217 2523 1384 2609 quod
1413 2523 1678 2610 predicti
1708 2524 1888 2589 Prior
1916 2539 1980 2590 et
2017 2537 2360 2590 conventus
2406 2524 2688 2589 unanimi
2719 2548 2965 2589 assensu
3003 2536 3068 2588 et
3095 2546 3395 2588 consensu

626 2631 824 2695 tocius
852 2629 1110 2718 capituli
1131 2628 1226 2694 sui
1249 2642 1681 2694 concesserunt
1709 2643 1774 2694 et
1799 2629 2191 2698 tradiderunt
2211 2630 2380 2695 dicto
2410 2630 2657 2719 Rogero
2678 2643 2882 2694 totum
2910 2629 3223 2694 redditum
3254 2653 3398 2694 cum

626 2737 1022 2825 pertinenciis
1050 2738 1519 2825 provenientem
1549 2737 1628 2802 de
1668 2738 1934 2824 quadam
1964 2737 2182 2826 placea
2210 2751 2369 2803 terre
2406 2761 2552 2803 cum
2590 2736 2987 2825 pertinenciis
3030 2735 3098 2799 in
3145 2734 3397 2801 civitate

629 2845 871 2911 Dublin
891 2845 960 2909 in
996 2844 1288 2931 parochia
1321 2844 1534 2909 Sancti
1562 2844 1862 2910 Audoeni
1895 2884 1908 2895 ·
1941 2845 2321 2931 quequidem
2350 2844 2563 2932 placea
2590 2858 2751 2909 terre
2772 2844 2943 2928 jacet
2970 2841 3037 2905 in
3066 2839 3397 2906 latitudine

629 2950 791 3015 inter
807 2961 1230 3014 tenementum
1241 2948 1503 3014 Henrici
1514 2948 1833 3015 Marechal
1851 2973 1935 3014 ex
1953 2963 2126 3036 parte
2145 2947 2428 3013 orientali
2447 2961 2511 3013 et
2528 2961 2952 3013 tenementum
2961 2945 3155 3033 ipsius
3164 2944 3397 3031 Rogeri

627 3078 710 3120 ex
740 3068 912 3142 parte
943 3053 1310 3119 occidentali
1332 3093 1344 3105 ·
1365 3068 1430 3120 et
1451 3054 1740 3120 extendit
1765 3078 1830 3119 se
1859 3055 1927 3118 in
1947 3052 2341 3141 longitudine
2366 3054 2443 3118 ab
2470 3052 2628 3117 Alto
2656 3051 2797 3117 vico
2828 3052 3096 3117 civitatis
3117 3049 3395 3137 predicte

631 3186 714 3227 ex
743 3175 914 3248 parte
945 3162 1194 3225 australi
1221 3186 1416 3247 usque
1449 3162 1528 3227 ad
1559 3176 1983 3228 tenementum
2013 3163 2167 3229 dicti
2197 3162 2463 3229 Hem-ici
2492 3159 2813 3225 Marechal
2842 3183 2925 3226 ex
2955 3172 3127 3246 parte
3157 3156 3394 3244 aquilo-

630 3267 756 3331 nali
790 3304 802 3317 ·
831 3266 1191 3331 habendum
1231 3279 1296 3331 et
1321 3266 1661 3331 tenendum
1693 3280 1896 3331 totum
1925 3265 2275 3353 predictum
2314 3263 2629 3329 redditum
2661 3286 2807 3326 cum
2836 3260 3233 3349 pertinenciis
3270 3261 3395 3325 suis

631 3371 798 3435 dicto
828 3371 1076 3458 Rogero
1120 3369 1454 3436 heredibus
1499 3383 1565 3434 et
1610 3369 1931 3457 assignatis
1977 3368 2103 3433 suis
2150 3368 2228 3434 de
2274 3367 2569 3455 predictis
2605 3366 2821 3432 Priore
2860 3382 2925 3431 et
2969 3382 3282 3433 conventu
3334 3382 3397 3433 et

631 3501 843 3542 eorum
889 3478 1338 3544 successoribus
1384 3478 1464 3543 ad
1493 3477 1830 3543 terminum
1860 3490 2110 3542 centum
2141 3490 2205 3541 et
2232 3476 2449 3541 decem
2487 3497 2789 3539 annorum
2818 3474 3105 3561 proxime
3134 3498 3393 3559 sequen-

631 3582 797 3647 cium
825 3581 1100 3669 plenarie
1129 3582 1578 3671 completorum
1607 3598 1672 3646 et
1699 3581 1964 3668 amplius
1986 3618 1999 3631 ·
2019 3580 2359 3667 incipiente
2388 3578 2653 3643 termino
2683 3578 2751 3642 in
2772 3576 2926 3641 festo
2950 3578 3162 3643 Sancti
3193 3580 3395 3643 Marci

631 3688 1008 3776 evangeliste
1037 3714 1200 3754 anno
1229 3689 1490 3755 Domini
1519 3688 1848 3754 millesimo
1895 3712 2002 3753 000
2048 3701 2268 3772 quarto
2321 3686 2475 3751 adeo
2520 3685 2761 3772 integre
2806 3700 2870 3748 et
2914 3684 3189 3771 plenarie
3236 3685 3397 3749 sicut

632 3792 782 3859 dicti
813 3794 992 3859 Prior
1021 3808 1084 3859 et
1113 3812 1452 3861 conventus
1500 3808 1608 3860 aut
1646 3794 2101 3882 predecessores
2147 3792 2245 3857 sui
2273 3792 2543 3857 eundem
2570 3790 2885 3855 redditum
2914 3789 3265 3856 habuerunt
3293 3791 3395 3855 vel

631 3898 858 3963 habere
890 3898 1258 3964 debuerunt.

757 4004 1104 4069 Reddendo
1131 4004 1280 4069 inde
1320 4005 1642 4069 annuatim
1673 4005 1854 4070 dictis
1885 4004 2084 4070 Priori
2117 4024 2182 4070 et
2218 4004 2554 4071 conventui
2584 4018 2648 4070 et
2684 4028 2899 4069 eorum
2946 4004 3392 4070 successoribus

630 4109 796 4175 idem
825 4110 1106 4199 Rogerus
1135 4125 1198 4178 et
1225 4112 1483 4177 heredes
1513 4114 1607 4177 sui
1638 4112 1739 4178 vel
1769 4112 2059 4199 assignati
2091 4112 2373 4198 quolibet
2400 4135 2563 4175 anno
2591 4112 2933 4199 primorum
2956 4113 3171 4177 decem
3201 4136 3393 4177 anno-

629 4238 766 4279 rum
797 4216 1120 4283 dimidiam
1159 4242 1428 4284 marcam
1458 4220 1698 4307 argenti
1728 4219 1808 4285 ad
1836 4220 2061 4285 festum
2105 4220 2326 4285 natalis
2348 4218 2609 4284 Domini
2640 4234 2704 4283 et
2734 4219 3013 4304 quolibet
3042 4243 3203 4285 anno
3248 4222 3389 4285 sub-

629 4325 911 4409 sequenti
941 4326 1154 4391 decem
1185 4325 1412 4391 solidos
1433 4364 1446 4377 ·
1468 4325 1865 4391 medietatem
1897 4325 1976 4391 ad
2004 4324 2229 4389 festum
2259 4322 2478 4388 natalis
2495 4322 2755 4387 Domini
2784 4336 2849 4387 et
2876 4322 3129 4387 alteram
3158 4324 3390 4389 medie-

631 4445 824 4497 tatem
852 4433 932 4497 ad
961 4432 1183 4499 festum
1211 4433 1276 4497 N
1277 4432 1576 4499 ativitatis
1611 4432 1822 4499 Sancti
1852 4433 1895 4498 J
1899 4431 2161 4497 ohannis
2189 4430 2453 4518 baptiste
2483 4452 2595 4517 pro
2625 4428 2861 4494 cunctis
2889 4428 3088 4493 rebus.

1946 4536 2007 4602 G
2041 4558 2076 4603 2
3302 4530 3389 4595 Et
