4295 5410
2366 617 2459 701 48

1029 798 1094 863 in
1124 821 1344 886 puram
1373 809 1438 862 et
1457 809 1822 884 perpetuam
1851 795 2251 862 elemosinam
2275 819 2458 862 omne
2471 797 2579 882 jus
2600 808 2881 861 nostrum
2905 794 3075 881 quod
3095 794 3431 860 habuimus
3458 794 3563 859 vel
3584 793 3811 859 habere

1025 904 1342 991 potuimus
1370 903 1472 968 vel
1502 901 1674 988 quod
1700 901 1780 966 de
1809 914 2017 966 cetero
2045 899 2275 966 habere
2294 899 2635 987 poterimus
2659 898 2729 962 in
2758 897 2936 963 terris
2964 911 3031 963 et
3057 897 3411 964 redditibus
3439 897 3553 984 qui
3581 896 3815 962 fuerint

1023 1010 1291 1076 Walter-i
1320 1008 1436 1073 filii
1467 1006 1733 1074 Gerardi
1763 1003 2036 1071 Palmeri
2065 1018 2248 1070 extra
2289 1026 2517 1068 novam
2546 1017 2791 1089 portam
2821 1000 3067 1067 Dublin
3094 1001 3163 1065 in
3206 1001 3454 1066 sinistra
3480 1017 3660 1089 parte
3688 1023 3809 1086 qua

1024 1117 1152 1182 itur
1180 1139 1394 1182 versus
1437 1126 1722 1180 sanctum
1752 1113 2067 1178 Thomam
2094 1149 2106 1162 ·
2131 1111 2513 1198 quequidem
2541 1123 2703 1176 terre
2731 1123 2796 1174 et
2824 1107 3105 1174 redditus
3133 1131 3246 1172 nos
3258 1109 3403 1194 jure
3430 1105 3806 1172 hereditario

1023 1219 1386 1307 contingere
1417 1217 1729 1284 debebant
1756 1218 2055 1284 tenendas
2083 1231 2150 1284 et
2175 1218 2494 1285 habendas
2523 1217 2721 1283 dictas
2747 1229 2939 1282 terras
2966 1239 3094 1280 una
3119 1239 3265 1281 cum
3294 1213 3648 1280 redditibus
3675 1235 3808 1300 pre-

1023 1323 1208 1390 dictis
1241 1361 1254 1374 ·
1286 1322 1582 1411 predictis
1613 1322 1816 1389 Priori
1844 1339 1911 1390 et
1938 1325 2279 1392 conventui
2308 1324 2388 1390 de
2425 1323 2605 1390 nobis
2650 1337 2716 1389 et
2742 1321 3076 1388 heredibus
3120 1321 3345 1386 nostris
3372 1320 3571 1385 libere
3601 1317 3805 1404 quiete

1024 1427 1302 1515 plenarie
1332 1441 1397 1493 et
1423 1427 1666 1516 integre
1695 1430 1856 1495 bene
1885 1443 1950 1495 et
1977 1429 2255 1516 pacifice.

1152 1531 1501 1597 Reddendo
1524 1532 1672 1598 inde
1702 1533 2024 1598 annuatim
2053 1533 2236 1600 nobis
2260 1533 2364 1600 vel
2382 1533 2719 1600 heredibus
2740 1532 2964 1598 nostris
2985 1532 3313 1599 dimidiam
3334 1532 3564 1599 libram
3591 1531 3803 1598 cimini

1028 1637 1110 1703 ad
1131 1635 1358 1702 festum
1393 1635 1606 1701 Sancti
1637 1635 1968 1702 Michaelis
1995 1636 2100 1702 vel
2125 1661 2328 1703 unum
2358 1637 2681 1703 denarium
2712 1637 2952 1726 argenti
2984 1662 3095 1725 pro
3126 1637 3295 1702 omni
3327 1637 3593 1704 servicio
3621 1660 3799 1703 exac-

1027 1746 1199 1811 tione
1228 1759 1293 1810 et
1314 1743 1622 1810 demanda
1649 1758 1713 1810 et
1740 1745 1925 1810 rebus
1953 1742 2215 1810 cunctis.
2303 1743 2392 1809 Et
2435 1767 2546 1832 pro
2575 1742 2693 1808 hac
2736 1758 2945 1807 nostra
2973 1741 3317 1808 donacione
3346 1757 3412 1806 et
3440 1741 3656 1828 quieta
3682 1741 3801 1808 cla-

1027 1852 1310 1918 macione
1340 1851 1647 1917 dederunt
1691 1849 1871 1917 nobis
1900 1848 2054 1915 dicti
2097 1847 2281 1914 Prior
2320 1861 2385 1914 et
2426 1861 2771 1914 conventus
2821 1863 2943 1912 tres
2994 1869 3227 1912 marcas
3276 1847 3522 1935 argenti
3560 1861 3628 1913 et
3653 1847 3801 1912 duos

1029 1981 1320 2024 cranocos
1346 1956 1646 2023 frumenti
1679 1996 1693 2009 ·
1725 1971 1790 2024 et
1836 1957 1916 2022 ad
1954 1956 2118 2022 hanc
2170 1971 2441 2022 nostram
2472 1954 2881 2020 donacionem
2932 1967 2997 2019 et
3035 1953 3312 2039 quietam
3361 1953 3803 2020 clamacionem

1028 2063 1212 2128 dictis
1241 2063 1441 2128 Priori
1471 2077 1536 2129 et
1564 2063 1901 2129 conventui
1924 2062 2153 2128 factam
2178 2061 2439 2127 firmiter
2466 2085 2580 2148 pro
2602 2060 2781 2126 nobis
2810 2074 2875 2125 et
2894 2058 3229 2126 heredibus
3256 2059 3480 2124 nostris
3508 2059 3644 2124 sine
3663 2058 3802 2124 dolo

1030 2171 1492 2258 imperpetuum
1539 2169 1872 2236 tenendam
1915 2207 1928 2221 ·
1969 2193 2082 2236 nos
2111 2168 2295 2235 dictis
2326 2168 2529 2234 Priori
2560 2184 2625 2234 et
2660 2168 2999 2235 conventui
3028 2167 3153 2234 fide
3203 2169 3412 2234 media
3448 2170 3801 2256 juramento

1030 2291 1238 2341 nostro
1279 2275 1536 2363 prestito
1583 2275 1795 2341 omnia
1847 2277 2015 2342 bona
2063 2289 2273 2340 nostra
2318 2274 2578 2342 mobilia
2634 2287 2699 2340 et
2739 2274 3086 2340 immobilia
3136 2275 3457 2362 presencia
3500 2290 3566 2342 et
3602 2277 3804 2341 futura

1036 2381 1387 2470 perquesita
1415 2393 1480 2446 et
1517 2379 1936 2468 perquirenda
1979 2377 2355 2446 subicientes
2388 2418 2402 2431 ·
2433 2403 2546 2444 nos
2591 2379 3081 2446 nichilhominus
3116 2379 3543 2466 jurisdictioni
3574 2381 3805 2446 domini

1032 2485 1277 2552 Dublin
1305 2485 1754 2574 archiepiscopi
1784 2486 1888 2553 vel
1916 2487 2050 2573 ejus
2090 2486 2529 2553 archidiacono
2568 2488 2669 2554 vel
2699 2513 2914 2554 eorum
2960 2487 3335 2555 officialibus
3382 2487 3493 2574 qui
3535 2513 3648 2577 pro
3668 2490 3801 2554 loco

1031 2601 1096 2653 et
1140 2601 1422 2675 tempore
1457 2587 1692 2654 fuerint
1724 2627 1738 2640 ·
1770 2590 1943 2676 quod
1981 2589 2219 2677 possint
2260 2612 2372 2654 nos
2410 2603 2475 2655 et
2510 2589 2768 2656 heredes
2816 2603 3055 2655 nostros
3099 2605 3309 2656 nostro
3369 2616 3481 2680 per
3527 2617 3803 2660 censuras

1029 2694 1471 2763 ecclesiasticas
1521 2694 1893 2783 compellere
1939 2694 1991 2761 si
2041 2718 2289 2761 necesse
2333 2691 2527 2760 fuerit
2571 2694 2652 2760 ad
2697 2693 2928 2760 dictam
2967 2693 3378 2761 donacionem
3424 2712 3489 2763 et
3535 2697 3802 2785 quietam

1029 2808 1474 2875 clamacionem
1501 2806 1572 2872 in
1599 2820 1972 2895 perpetuum
2018 2805 2471 2873 observandam
2504 2844 2517 2856 ·
2550 2804 2601 2870 si
2648 2831 2801 2872 ausu
2839 2807 3167 2873 temerario
3212 2792 3429 2875 contra
3466 2811 3803 2897 predictam

1029 2914 1440 2982 donacionem
1483 2928 1547 2980 et
1575 2914 1852 3001 quietam
1894 2913 2339 2982 clamacionem
2382 2928 2656 2980 nostram
2700 2916 2911 3003 aliquo
2956 2940 3104 2983 casu
3147 2916 3552 3007 contingente
3596 2919 3803 2986 venire

1031 3044 1604 3109 presumpsenmus.

1161 3125 1292 3192 Nos
1321 3150 1471 3193 vero
1516 3140 1582 3193 et
1607 3126 1866 3193 heredes
1912 3126 2106 3192 nostri
2150 3125 2345 3193 dictas
2374 3142 2565 3193 terras
2612 3142 2675 3194 et
2720 3127 3000 3195 redditus
3039 3142 3224 3217 prout
3251 3130 3599 3218 predicitur
3628 3133 3804 3199 dictis

1033 3230 1237 3295 Priori
1275 3246 1341 3297 et
1376 3230 1717 3298 conventui
1754 3230 2030 3318 plenarie
2076 3245 2292 3297 contra
2320 3255 2533 3297 omnes
2576 3232 2858 3299 homines
2902 3248 2965 3299 et
2992 3235 3251 3302 feminas
3272 3240 3527 3303 warenti
3535 3241 3805 3307 zabimus

1033 3338 1497 3427 imperpetuum
1543 3362 1656 3427 per
1703 3338 2037 3405 servicium
2079 3338 2451 3427 predictum.
2539 3340 2628 3405 Et
2679 3356 2750 3405 ut
2786 3340 2903 3407 hec
2932 3357 3139 3409 nostra
3178 3345 3441 3411 donacio
3486 3364 3552 3413 et
3602 3348 3807 3434 quieta

1034 3445 1332 3512 clamacio
1381 3447 1606 3513 futuris
1651 3447 2035 3535 temporibus
2085 3449 2278 3514 robur
2326 3448 2607 3537 optineat
2650 3448 2959 3515 firmitatis
3005 3454 3276 3540 presenti
3326 3454 3557 3542 scripto
3608 3455 3807 3543 sigilla

1037 3567 1246 3619 nostra
1274 3555 1689 3643 apposuimus.
1779 3555 1926 3621 Hiis
1957 3556 2219 3623 testibus
2244 3594 2257 3607 ·
2282 3556 2581 3645 Philippo
2612 3556 2691 3623 de
2721 3557 3045 3623 Dureham
3074 3571 3225 3624 tunc
3254 3560 3487 3645 majore
3518 3561 3757 3629 Dublin
3788 3600 3801 3612 ·

1038 3660 1336 3749 Philippo
1365 3661 1497 3727 filio
1524 3662 1828 3752 Stephani
1861 3701 1874 3715 ·
1916 3663 2062 3729 Elia
2089 3663 2283 3729 Burel
2312 3678 2462 3730 tunc
2491 3665 2819 3753 prepositis
2850 3704 2863 3717 ·
2898 3667 3177 3733 Henrico
3205 3667 3285 3733 de
3312 3668 3568 3733 Exonia
3599 3706 3614 3721 ·
3646 3668 3802 3734 Wil-

1037 3768 1228 3834 lelmo
1245 3769 1324 3835 de
1343 3769 1696 3837 Flamstede
1719 3809 1733 3822 ·
1746 3770 2071 3837 Willelmo
2092 3770 2320 3837 clerico
2346 3810 2359 3823 ·
2386 3772 2767 3861 Randulpho
2786 3774 3043 3839 Baunco
3064 3810 3079 3825 ·
3104 3773 3373 3839 Ricardo
3391 3775 3507 3841 Pel
3528 3813 3542 3828 ·
3564 3774 3805 3864 Rogero

1041 3873 1203 3939 Olof
1223 3913 1236 3926 ·
1269 3875 1552 3941 Waltero
1595 3876 1898 3965 Spiciario
1934 3914 1948 3928 ·
1980 3877 2025 3943 J
2025 3876 2103 3942 oh
2111 3900 2271 3943 anne
2302 3877 2560 3945 Poincel
2586 3917 2600 3931 ·
2629 3878 2884 3945 Simone
2929 3879 2989 3945 le
3028 3880 3249 3947 Porter
3284 3920 3297 3932 ·
3334 3880 3537 3947 Hitha
3564 3881 3703 3948 dele
3730 3880 3805 3947 de

1043 3979 1392 4047 Klonerdin
1418 4019 1432 4034 ·
1461 3982 1737 4050 Henrico
1765 3983 1990 4050 clerico
2018 3983 2319 4072 scriptore
2344 3986 2533 4072 hujus
2562 4000 2727 4053 carte
2756 4003 2821 4053 et
2849 3987 3003 4053 aliis.

3526 4518 3804 4587 XLVII.
