4295 5410
1949 645 2042 732 47

606 841 820 882 omnes
864 817 1147 884 homines
1198 832 1263 884 et
1306 818 1566 884 feminas
1611 817 2149 884 warentizabimus
2192 819 2673 908 imperpetuum.
2762 821 2851 886 Et
2893 833 2967 886 ut
3002 820 3119 887 hec
3164 820 3381 888 nostra‘

605 923 868 990 donacio
912 938 976 990 et
1020 926 1332 991 concessio
1379 928 1568 991 robur
1592 925 1900 991 firmitatis
1946 927 2227 1014 optineat
2253 927 2715 1014 imperpetuum
2744 947 3090 1014 presentem
3141 941 3373 992 cartam

605 1028 950 1116 sigillorum
1003 1043 1352 1096 nostrorum
1397 1031 1798 1118 impressione
1836 1032 2098 1098 firmiter
2149 1032 2591 1098 roboravimus.
2680 1032 2825 1096 Hiis
2861 1033 3120 1099 testibus
3145 1071 3158 1083 -
3184 1033 3371 1097 Petro

605 1133 968 1200 Habraham
999 1149 1148 1201 tunc
1177 1137 1412 1222 majore
1441 1135 1686 1202 Dublin
1720 1174 1732 1186 ·
1770 1135 2024 1201 Simone
2054 1135 2312 1202 Unrede
2342 1148 2406 1202 et
2422 1135 2777 1202 Vincencio
2810 1137 3189 1202 Tabernario
3220 1153 3369 1203 tunc

605 1239 958 1327 prepossitis
987 1241 1231 1306 Dublin
1264 1251 1288 1292 ·'
1311 1241 1579 1308 Ricardo
1611 1240 1770 1307 Olof
1792 1280 1804 1293 ·
1835 1241 2085 1330 Rogero
2116 1241 2339 1308 Russel
2372 1280 2385 1292 ·
2418 1241 2565 1308 Elia
2592 1242 2786 1308 Burel
2814 1255 2878 1308 et
2904 1242 3117 1307 multis
3145 1243 3298 1308 aliis.

1868 1592 2109 1664 XLV.

1379 1776 1494 1852 Bt
1530 1777 1578 1868 ἐξ
1614 1775 1907 1852 snlfflatis
1940 1778 2009 1851 fn
2043 1782 2250 1851 tantm
2285 1778 2591 1869 paratinis.

793 1964 879 2028 Ni
887 1964 1072 2030 versis
1119 1979 1326 2032 sancte
1370 1966 1584 2032 matris
1628 1968 1884 2034 ecclesie
1911 1968 2058 2033 filiis
2105 1969 2185 2034 ad
2216 1993 2369 2054 quos
2397 1990 2647 2054 presens
2692 1966 2993 2054 scriptum
3022 1971 3375 2054 pervenerit

836 2068 1156 2157 Meylerus
1195 2071 1274 2136 de
1304 2071 1552 2137 Cursun
1597 2074 1858 2140 salutem
1897 2087 2175 2142 eternam
2220 2074 2289 2140 in
2335 2074 2631 2139 Domin0.
2718 2071 2983 2139 Noverit
3009 2073 3377 2140 universitas

607 2189 808 2240 vestra
853 2197 953 2240 me
982 2174 1230 2262 pietatis
1259 2176 1474 2244 divine
1512 2178 1750 2244 intuitu
1777 2192 1842 2245 et
1868 2204 1982 2268 pro
2011 2180 2209 2246 salute
2248 2180 2452 2248 anime
2484 2203 2621 2244 mee
2652 2189 2718 2244 et
2742 2179 2959 2244 uxoris
2986 2203 3125 2244 mee
3152 2194 3218 2245 et
3246 2203 3376 2244 om·

605 2279 780 2345 nium
811 2291 1264 2344 antecessorum
1305 2305 1586 2346 meorum
1617 2282 1758 2348 Deo
1802 2296 1866 2350 et
1893 2284 2152 2352 ecclesie
2182 2285 2488 2350 Omnium
2522 2284 2891 2350 Sanctorum
2912 2283 3104 2368 juxta
3132 2285 3377 2352 Dublin

605 2397 668 2452 et
695 2384 1008 2451 canonicis
1035 2385 1274 2451 ibidem
1303 2386 1443 2452 Deo
1472 2387 1882 2455 servientibus
1915 2427 1928 2440 ·
1959 2389 2030 2454 in
2059 2413 2281 2476 puram
2321 2401 2385 2454 et
2412 2400 2779 2476 perpetuam
2808 2387 3209 2458 elemosinam
3238 2389 3376 2454 red-

605 2491 809 2558 ditum
839 2491 1106 2556 duorum
1133 2490 1472 2556 solidorum
1493 2491 1733 2558 dedisse
1762 2492 2303 2581 percipiendorum
2332 2493 2412 2558 de
2442 2491 2741 2580 Philippo
2769 2490 2834 2554 N
2834 2504 3030 2579 ugent
3056 2491 3285 2579 pistore
3315 2503 3379 2556 et

604 2602 937 2669 heredibus
959 2601 1084 2667 suis
1113 2602 1192 2668 de
1221 2615 1577 2666 tenemento
1606 2625 1746 2666 meo
1774 2601 1942 2687 quod
1972 2601 2050 2666 de
2079 2625 2181 2666 me
2210 2613 2275 2666 et
2300 2599 2637 2666 heredibus
2679 2598 2835 2666 meis
2864 2611 3035 2664 tenet
3062 2599 3379 2686 predictus

606 2707 938 2795 Philippus
967 2720 1032 2773 et
1058 2707 1316 2772 heredes
1343 2705 1442 2771 sui
1469 2705 1538 2771 in
1576 2730 1805 2794 magno
1835 2704 1976 2771 vico
2014 2720 2196 2771 extra
2232 2728 2459 2769 novam
2489 2718 2732 2792 portam
2761 2703 3006 2770 Dublin
3038 2743 3051 2756 ·
3082 2704 3379 2771 videlicet

605 2812 684 2879 de
705 2827 869 2878 terra
895 2811 1004 2877 illa
1024 2810 1313 2899 proxima
1341 2833 1426 2875 ex
1447 2821 1621 2897 parte
1651 2808 2022 2875 occidentali
2051 2808 2261 2873 viculo
2285 2807 2395 2892 qui
2415 2807 2621 2873 tendit
2640 2808 2721 2873 de
2748 2830 2979 2895 magno
3010 2807 3150 2873 vico
3180 2831 3375 2893 usque

607 2918 686 2983 ad
714 2918 928 2984 vicum
954 2917 1290 3005 figulorum
1337 2919 1415 2984 ab
1446 2916 1732 3006 opposito
1778 2917 2034 2983 ecclesie
2068 2916 2282 2982 Sancti
2313 2916 2559 2981 Thome
2588 2940 2711 3002 que
2756 2928 2921 2981 terra
2947 2915 3071 2981 fuit
3098 2915 3176 2981 de
3205 2928 3377 2980 tene-

605 3034 817 3085 mento
847 3021 993 3086 Ade
1021 3020 1081 3087 le
1115 3021 1406 3086 Savener.

693 3126 780 3190 Et
825 3141 898 3191 ut
941 3126 1060 3193 hec
1103 3150 1245 3191 mea
1288 3124 1549 3192 donacio
1593 3124 2054 3213 imperpetuum
2105 3126 2294 3190 robur
2340 3124 2620 3212 optineat
2669 3124 2979 3190 firmitatis
3022 3136 3375 3211 presentem

607 3229 900 3317 paginam
931 3229 1121 3318 sigini
1149 3230 1275 3295 mei
1304 3229 1704 3317 impressione
1732 3228 2036 3295 roboravi.
2127 3229 2274 3294 Hiis
2304 3230 2561 3295 testibus
2596 3268 2608 3281 ·
2640 3230 2915 3296 Roberto
2946 3231 3199 3298 Pollard
3227 3244 3378 3296 tunc

608 3336 840 3420 majore
878 3333 1123 3399 Dublin
1149 3371 1162 3384 ·
1189 3333 1266 3397 R.
1298 3334 1534 3399 decano
1576 3331 1789 3398 Sancti
1826 3331 2084 3398 Patricii
2116 3370 2129 3383 ·
2164 3332 2245 3397 G.
2278 3333 2355 3399 de
2395 3332 2683 3397 Turvilla
2721 3333 3157 3399 archidiacono
3195 3335 3376 3400 Dub-

608 3439 696 3503 lin
731 3478 742 3491 ·
775 3439 1071 3527 magistro
1102 3439 1352 3504 Thoma
1386 3439 1464 3504 de
1496 3438 1772 3505 Cravilla
1808 3437 2174 3505 cancellario
2208 3438 2421 3504 Sancti
2450 3438 2706 3504 Patricii
2737 3438 2981 3505 Dublin
3015 3476 3028 3490 ·
3061 3440 3375 3505 Edwardo

610 3542 686 3608 de
717 3544 1003 3609 Palmero
1037 3582 1048 3594 ·
1081 3543 1405 3608 Willelmo
1433 3542 1492 3608 le
1523 3542 1644 3607 Bas
1673 3556 1738 3609 et
1764 3542 1980 3606 multis
2009 3542 2163 3607 aliis.

1854 3852 2135 3925 XLVI.

1655 4040 1745 4113 {In
1777 4042 1982 4112 tantm
2016 4039 2323 4130 parocbia.

797 4228 1076 4294 Niversis
1107 4227 1342 4294 Christi
1371 4228 1660 4295 fidelibus
1688 4251 1936 4316 presens
1982 4227 2280 4315 scriptum
2322 4225 2543 4291 visuris
2581 4226 2682 4290 vel
2727 4224 3031 4289 audituris
3061 4223 3374 4313 Margeria

842 4348 906 4401 et
934 4334 1202 4401 Matilda
1227 4335 1358 4401 filie
1387 4335 1643 4402 Ricardi
1674 4335 1793 4401 Col
1830 4335 2092 4401 salutem
2136 4334 2205 4399 in
2236 4334 2530 4399 Domino.
2618 4332 2934 4399 Noveritis
2978 4356 3090 4396 nos
3121 4332 3375 4399 donasse

607 4440 938 4507 remississe
968 4452 1033 4507 et
1061 4440 1344 4527 quietum
1383 4439 1673 4507 clamasse
1704 4439 1906 4505 Priori
1937 4451 2002 4505 et
2029 4439 2367 4505 conventui
2398 4438 2701 4505 Omnium
2736 4438 3105 4504 Sanctorum
3133 4438 3376 4504 Dublin

3304 4570 3372 4610 m
