4295 5410
2198 622 2291 697 74

2028 871 2478 945 LXXXIII.

1526 1058 1642 1132 Bt
1674 1056 1754 1129 11.
1792 1055 2085 1132 salmana
2119 1058 2325 1132 annui
2358 1057 2627 1131 tttmitus
2662 1056 2729 1129 in
2764 1054 2980 1132 ardo.

1046 1246 1305 1314 Mnibus
1334 1246 1413 1311 ad
1442 1270 1598 1333 quos
1635 1268 1885 1333 presens
1922 1260 2092 1312 carta
2129 1247 2484 1335 pervenerit
2506 1245 2825 1313 Galfridus
2855 1244 2933 1310 de
2960 1241 3253 1331 Appilby
3283 1240 3545 1305 salutem
3575 1238 3645 1303 in

1089 1352 1383 1418 Domino,
1469 1351 1736 1417 Noverit
1779 1350 2147 1417 universitas
2185 1365 2391 1417 vestra
2432 1375 2535 1417 me
2580 1350 2948 1417 concessisse
2978 1348 3219 1415 dedisse
3265 1361 3330 1413 et
3356 1346 3474 1411 hac
3505 1369 3644 1433 pre-

867 1460 1029 1526 senti
1058 1471 1226 1524 carta
1251 1481 1392 1522 mea
1419 1455 1809 1521 confirmasse
1832 1455 1972 1521 Deo
2001 1470 2066 1521 et
2081 1457 2263 1522 beate
2285 1456 2489 1523 Marie
2518 1471 2583 1523 et
2610 1457 2922 1523 canonicis
2941 1456 3247 1523 Omnium
3274 1455 3645 1521 Sanctorum

871 1563 1116 1630 Dublin
1145 1562 1381 1627 ibidem
1404 1561 1543 1627 Deo
1565 1561 1978 1628 servientibus
2002 1600 2016 1614 ·
2039 1586 2155 1649 pro
2184 1563 2381 1629 salute
2410 1563 2616 1629 anime
2644 1588 2781 1629 mee
2803 1578 2868 1629 et
2890 1576 3342 1629 antecessorum
3365 1585 3647 1627 meorum

873 1668 1284 1756 quadraginta
1320 1666 1612 1733 solidatos
1653 1667 1846 1733 annui
1873 1668 2155 1733 redditus
2184 1668 2616 1757 percipiendos
2644 1670 2713 1733 in
2742 1668 3169 1735 Manhthonin
3196 1668 3267 1731 in
3292 1680 3650 1733 tenemento

872 1773 950 1839 de
979 1772 1176 1838 Arclo
1211 1810 1222 1823 ·
1254 1771 1554 1838 videlicet
1578 1773 1978 1839 medietatem
2007 1774 2087 1841 ad
2116 1777 2313 1841 Pasca
2339 1789 2404 1841 et
2430 1775 2617 1842 aliam
2645 1776 3043 1841 medietatem
3065 1774 3147 1840 ad
3173 1774 3401 1839 festum
3434 1772 3653 1839 Sancti

869 1877 1202 1944 Michaelis
1240 1916 1253 1928 -
1283 1876 1602 1943 habendos
1629 1890 1695 1944 et
1722 1880 2022 1963 tenendos
2062 1880 2183 1957 sibi
2212 1894 2277 1947 et
2313 1881 2762 1948 successoribus
2798 1881 2925 1947 suis
2965 1882 3044 1947 de
3086 1903 3188 1946 me
3225 1892 3289 1946 et
3315 1878 3649 1945 heredibus

871 1982 1028 2048 meis
1055 1982 1124 2047 in
1151 2006 1373 2069 puram
1401 1994 1468 2047 et
1493 1997 1858 2071 perpetuam
1887 1983 2305 2050 elemosinam.

1001 2087 1102 2152 Ita
1135 2100 1346 2153 tamen
1388 2087 1557 2173 quod
1595 2088 1648 2153 si
1676 2087 1831 2153 dicti
1869 2088 2154 2155 canonici
2181 2088 2509 2155 inveniant
2546 2088 2956 2177 propinquius
2986 2088 3231 2155 Duan
3277 2101 3504 2155 terram
3548 2091 3651 2155 vel

872 2192 1190 2259 redditum
1227 2192 1628 2259 vendendum
1667 2193 1748 2259 ad
1775 2192 2122 2260 valenciam
2161 2194 2252 2260 xl.
2283 2194 2685 2261 solidatorum
2719 2233 2733 2247 ·
2766 2196 2907 2283 Ego
2938 2194 3257 2261 Galfridus
3302 2207 3367 2260 et
3394 2195 3654 2261 heredes

873 2298 1001 2363 mei
1019 2298 1250 2363 dictam
1268 2309 1496 2363 terram
1515 2297 1621 2363 vel
1639 2297 1957 2363 redditum
1978 2298 2068 2363 eis
2083 2298 2312 2364 habere
2328 2298 2626 2367 faciemus
2646 2299 2809 2365 sicut
2828 2298 3180 2387 predictum
3198 2311 3290 2365 est
3312 2298 3391 2363 ad
3408 2300 3651 2387 predic-

872 2416 1002 2468 tam
1032 2402 1378 2469 valenciam
1397 2441 1413 2455 ·
1433 2402 1522 2468 Et
1541 2428 1687 2470 cum
1707 2403 2033 2470 fecerimus
2055 2404 2211 2471 dicti
2228 2405 2318 2470 xl.
2340 2404 2589 2471 solidati
2612 2406 2803 2471 annui
2824 2405 3106 2472 redditus
3126 2406 3195 2469 in
3226 2404 3651 2471 Manhthonin

877 2510 958 2576 ad
985 2532 1098 2575 nos
1126 2524 1532 2576 revertentur.

1004 2615 1147 2703 Ego
1177 2638 1326 2681 vero
1355 2628 1420 2681 et
1446 2614 1705 2681 heredes
1732 2614 1860 2680 mei
1889 2614 2072 2681 dictis
2109 2615 2425 2681 canonicis
2461 2629 2527 2682 et
2555 2616 3003 2682 successoribus
3041 2614 3167 2680 suis
3197 2615 3395 2680 dictos
3426 2614 3651 2680 solida-

873 2737 970 2788 tos
998 2723 1191 2788 annui
1219 2722 1501 2788 redditus
1530 2736 1746 2789 contra
1774 2745 1988 2788 omnes
2015 2722 2301 2788 homines
2344 2736 2410 2790 et
2435 2723 2697 2791 feminas
2722 2723 2793 2787 in
2820 2736 3196 2811 perpetuum
3224 2723 3650 2789 warentizabi-

874 2850 1032 2892 mus.
1120 2826 1209 2892 Et
1235 2838 1309 2891 ut
1345 2826 1463 2892 hec
1491 2849 1630 2892 mea
1659 2825 1921 2891 donacio
1951 2838 2017 2890 et
2042 2826 2356 2892 concessio
2384 2839 2517 2891 rata
2545 2841 2609 2892 et
2637 2825 2871 2892 stabilis
2900 2840 3261 2914 permaneat
3288 2851 3424 2893 eam
3460 2827 3650 2916 sigilli

875 2932 1001 2997 mei
1045 2931 1396 2998 munimine
1440 2933 1747 3000 roboravi.
1835 2932 1981 2998 Hiis
2023 2933 2286 3000 testibus
2318 2973 2331 2985 ·
2364 2934 2620 3000 domino
2649 2933 2977 2999 Willelmo
3007 2933 3284 3022 Anglico
3318 2972 3331 2985 ·
3364 2933 3651 3000 Gilberto

876 3037 1197 3126 Bellafizgo
1223 3075 1236 3089 ·
1259 3038 1522 3105 Andrea
1541 3039 1621 3106 de
1637 3038 1834 3104 Arclo
1861 3077 1874 3090 ·
1899 3038 2177 3106 Roberto
2195 3039 2343 3106 Irek
2370 3077 2383 3091 ·
2408 3039 2717 3106 Nicholao
2736 3039 3083 3106 Hibernico
3109 3077 3123 3090 ·
3148 3039 3425 3107 Roberto
3444 3038 3652 3128 Lang-

878 3142 1019 3232 leye
1048 3155 1114 3210 et
1141 3142 1294 3208 aliis.

2042 3405 2492 3480 LXXXIV.

1281 3590 1397 3664 Ὲε
1431 3592 1664 3665 remim
1697 3601 1964 3682 quanm
1996 3589 2337 3666 salmurum
2371 3592 2439 3666 ίιι
2464 3593 2705 3683 OEppyt
2739 3591 2907 3663 {uxta
2943 3589 2999 3662 12
3022 3592 3263 3678 finus.

1017 3780 1208 3847 Ciant
1234 3790 1546 3868 presentes
1590 3790 1656 3845 et
1697 3777 1896 3844 futuri
1940 3780 2110 3865 quod
2137 3805 2258 3870 ego
2285 3780 2330 3846 J
2332 3779 2605 3847 ohannes
2634 3779 2736 3846 del
2766 3778 2920 3844 Esse
2949 3777 3095 3843 dedi
3124 3779 3397 3846 concessi
3432 3792 3496 3844 et
3539 3779 3656 3844 hac

1057 3885 1329 3976 presenti
1351 3897 1518 3951 carta
1545 3908 1685 3951 mea
1711 3885 2076 3951 confirmavi
2103 3909 2219 3974 per
2246 3884 2577 3951 consilium
2606 3898 2672 3950 et
2698 3907 3009 3950 assensum
3027 3883 3223 3951 Lucie
3254 3885 3333 3951 de
3349 3883 3656 3952 Norman-

885 3996 1001 4062 vill
1027 3994 1244 4061 uxoris
1282 4017 1422 4059 mee
1449 4015 1564 4081 pro
1594 3991 1791 4058 salute
1820 3993 2026 4059 anime
2055 4017 2194 4059 mee
2224 4005 2289 4059 et
2308 3993 2590 4078 ejusdem
2612 3991 2809 4058 Lucie
2848 4005 2913 4057 et
2948 4003 3399 4058 antecessorum
3428 4005 3494 4057 et
3519 4015 3657 4059 suc-

885 4124 1196 4169 cessorum
1238 4122 1520 4166 meorum
1547 4098 1687 4164 Deo
1732 4110 1799 4165 et
1834 4099 2016 4166 beate
2061 4099 2265 4164 Marie
2309 4111 2377 4164 et
2420 4097 2678 4164 ecclesie
2712 4095 3017 4162 Omnium
3060 4095 3431 4164 Sanctorum
3467 4096 3660 4182 juxta

887 4204 1132 4272 D'ublin
1177 4216 1243 4271 et
1285 4202 1598 4269 canonicis
1640 4203 1880 4270 ibidem
1928 4204 2068 4271 Deo
2126 4204 2539 4271 servientibus
2577 4239 2592 4254 ·
2634 4203 2951 4270 redditum
3002 4216 3269 4288 quatuor
3316 4203 3655 4270 solidorum

888 4309 1210 4378 annuatim
1237 4307 1736 4398 recipiendorum
1764 4310 1845 4376 de
1870 4309 2179 4400 burgagio
2210 4309 2515 4378 Guinilde
2552 4309 2745 4376 vidue
2783 4322 2848 4376 et
2874 4309 3177 4376 heredum
3205 4333 3457 4376 suorum
3486 4309 3657 4396 quod

887 4429 1104 4484 tenent
1131 4416 1210 4481 de
1239 4439 1338 4482 me
1366 4415 1436 4481 in
1464 4415 1617 4482 villa
1644 4416 1724 4482 de
1747 4415 1966 4507 Typer
1991 4418 2060 4484 in
2081 4418 2208 4486 fine
2237 4418 2516 4506 ejusdem
2546 4418 2625 4484 ad
2655 4418 3009 4508 oppositum
3042 4416 3263 4485 domus
3286 4418 3531 4484 Thome
3555 4415 3657 4483 del

3402 4523 3659 4617 ‚Esse
