4295 5410
1953 624 2042 717 87

593 803 1056 891 sempiternam.
1087 806 1317 873 Vestre
1346 804 1737 871 universitati
1766 803 2213 870 innotescimus
2243 827 2353 891 per
2382 814 2692 892 presentes
2722 804 2890 887 quod
2936 827 3048 868 nos
3077 826 3276 891 nuper
3304 801 3372 866 in

597 909 961 978 visitacione
990 926 1198 978 nostra
1231 912 1542 977 ordinaria
1577 911 1647 975 in
1676 911 1919 977 diocese
1947 924 2156 975 nostra
2183 910 2478 976 canonice
2512 908 2914 998 procedentes
2946 948 2958 960 ·
2991 909 3272 975 Priorem
3314 924 3377 973 et

593 1028 972 1079 conventum
996 1016 1302 1104 prioratus
1326 1015 1632 1080 Omnium
1657 1014 2029 1080 Sanctorum
2037 1016 2231 1100 juxta
2252 1015 2497 1082 Dublin
2519 1054 2531 1066 ·
2551 1030 2815 1082 rectores
2830 1018 3090 1083 rectorie
3113 1017 3370 1083 ecclesie

585 1121 953 1207 parochialis
997 1122 1076 1188 de
1107 1122 1568 1187 Rathmacneth
1610 1134 1817 1186 nostre
1865 1120 2179 1187 dioceseos
2218 1146 2403 1209 super
2436 1122 2866 1187 exhibiscione
2910 1136 2973 1189 et
3012 1123 3366 1188 ostencione

593 1227 918 1292 titulorum
947 1252 1201 1293 suorum
1231 1227 1640 1294 assecucionis
1659 1227 2044 1293 detencionis
2065 1240 2130 1292 et
2147 1227 2630 1315 apropriacionis
2652 1228 2817 1295 dicte
2839 1229 3097 1294 rectorie
3126 1244 3189 1295 et
3219 1254 3368 1314 qua-

591 1331 736 1397 liter
752 1335 1012 1399 eandem
1035 1334 1104 1398 in
1125 1334 1374 1423 propios
1402 1358 1548 1399 usus
1570 1358 1634 1399 se
1658 1333 2037 1421 pretendunt
2055 1334 2369 1422 possidere
2402 1373 2415 1385 ·
2448 1359 2655 1401 coram
2682 1335 2863 1400 nobis
2892 1336 2971 1401 ad
2988 1348 3185 1402 certos
3203 1336 3371 1401 diem

590 1452 656 1503 et
681 1439 892 1506 locum
913 1439 980 1504 in
1001 1438 1199 1506 forma
1217 1439 1380 1526 juris
1400 1439 1661 1506 fecimus
1690 1440 1936 1506 evocari
1958 1480 1970 1491 -
1991 1441 2267 1528 ipsisque
2297 1441 2481 1506 dictis
2502 1441 2603 1507 die
2627 1454 2691 1507 et
2710 1441 2849 1507 loco
2867 1442 3101 1507 vocatis
3124 1441 3368 1507 diucius

593 1549 939 1635 expectatis
967 1548 1142 1614 nullo
1171 1549 1359 1614 modo
1400 1548 1902 1636 comparentibus
1945 1562 2039 1614 set
2081 1549 2531 1615 contumaciter
2567 1548 3034 1614 absentantibus
3068 1572 3153 1613 ex
3186 1546 3367 1611 mise-

593 1652 862 1719 ricordia
886 1668 953 1719 et
979 1652 1366 1742 benignitate
1394 1667 1604 1719 nostra
1638 1652 1985 1741 expectatis
2015 1653 2096 1718 ad
2126 1651 2320 1717 alium
2347 1652 2683 1717 terminum
2712 1677 2826 1741 per
2853 1677 2965 1718 nos
2993 1677 3138 1719 cum
3167 1653 3369 1741 primo

593 1758 1028 1825 continuatum
1045 1772 1109 1825 et
1129 1772 1531 1847 prorogatum
1553 1759 1633 1824 ad
1655 1760 1824 1825 idem
1847 1759 2018 1845 quod
2039 1758 2283 1847 pridem
2304 1758 2537 1825 eisdem
2555 1783 2665 1847 pro
2684 1759 2889 1825 officio
2906 1774 3116 1824 nostro
3139 1759 3364 1824 discre-

592 1878 730 1929 tum
751 1865 960 1930 virum
987 1866 1354 1955 magistrum
1371 1865 1730 1932 Gilbertum
1753 1866 1832 1931 de
1858 1866 2127 1932 Sottoun
2156 1865 2593 1931 cancellarium
2614 1866 2871 1932 ecclesie
2893 1879 3099 1931 nostre
3122 1890 3369 1953 presen-

591 1983 722 2035 tem
753 1973 898 2059 [ad]
931 1987 1082 2039 tunc
1112 1973 1399 2039 dedimus
1427 1974 1916 2039 commissarium
1945 1987 2011 2039 et
2040 1974 2387 2039 auditorem
2417 1987 2489 2039 ut
2517 1974 2747 2040 dictam
2772 1998 3019 2041 causam
3042 1974 3285 2040 audiret
3306 1990 3369 2039 et

593 2083 718 2148 fine
747 2083 1047 2149 canonico
1076 2083 1340 2150 eandem
1363 2082 1724 2149 terminaret
1756 2121 1768 2133 ·
1802 2082 2062 2170 posmod
2099 2081 2527 2169 [postmodum
2550 2086 2611 2166 P]
2635 2080 2804 2145 idem
2833 2081 3283 2146 commissarius
3304 2082 3372 2145 in

594 2189 761 2255 dicta
777 2210 964 2255 causa
971 2191 1311 2278 procedens
1327 2204 1543 2256 contra
1558 2190 1808 2257 eosdem
1822 2189 2104 2255 Priorem
2122 2203 2187 2254 et
2202 2200 2582 2254 conventum
2599 2211 2804 2253 coram
2815 2188 2950 2275 ipso
2961 2189 3373 2276 peremptorie

592 2295 672 2359 ad
700 2296 870 2360 idem
901 2297 1072 2382 quod
1099 2298 1270 2384 prius
1298 2297 1518 2363 citatos
1553 2297 1634 2363 ad
1662 2310 1860 2363 certos
1891 2297 2064 2363 diem
2089 2312 2157 2363 et
2182 2297 2391 2363 locum
2421 2297 2486 2360 in
2514 2321 2624 2362 suo
2654 2297 2936 2363 citatorio
2964 2297 3369 2384 comprehen-

593 2425 732 2466 sum
760 2426 888 2467 non
917 2418 1342 2490 comparentes
1370 2418 1462 2469 set
1491 2418 1887 2471 contumaces
1916 2406 2360 2493 pronunciatos
2399 2404 2777 2470 sentenciam
2805 2404 2952 2470 tulit
2980 2403 3369 2469 definitivam

595 2521 659 2571 et
687 2508 852 2594 ipsos
881 2521 1178 2594 tanquam
1207 2510 1412 2575 nullos
1440 2510 1657 2575 titulos
1684 2510 2058 2577 exhibentes
2086 2534 2197 2576 seu
2224 2510 2524 2576 habentes
2553 2512 2632 2576 ab
2670 2510 2890 2576 eadem
2916 2509 3179 2575 rectoria
3206 2534 3374 2574 amo-

594 2613 830 2677 vendos
871 2614 1001 2679 fore
1031 2614 1310 2681 decrevit
1337 2618 1724 2703 eandemque
1753 2618 1940 2684 fuisse
1967 2630 2033 2683 et
2062 2642 2192 2683 esse
2222 2617 2459 2703 dejure
2487 2631 2551 2683 et
2580 2617 2659 2683 de
2685 2617 2848 2683 facto
2876 2629 3199 2682 vacantem
3230 2640 3371 2703 pro-

593 2719 917 2783 nunciavit
949 2757 962 2770 ·
993 2719 1249 2784 demum
1298 2721 1554 2806 quidam
1601 2722 1914 2788 Robertus
1954 2722 2311 2788 Rowcestre
2361 2722 2555 2788 laicus
2602 2747 2871 2789 asserens
2920 2746 2984 2788 se
3034 2736 3369 2809 patronum

591 2823 872 2906 ejusdem
919 2823 1246 2888 Andream
1276 2824 1572 2890 Mauricii
1601 2825 1898 2892 clericum
1927 2827 2108 2893 nobis
2150 2829 2529 2914 presentavit
2559 2828 2639 2895 ad
2667 2829 2930 2895 eandem
2961 2869 2973 2880 ·
3007 2844 3223 2918 petens
3250 2831 3367 2894 hu-

592 2929 825 2995 militer
858 2943 926 2996 ut
966 2955 1078 2996 nos
1107 2932 1474 2998 auctoritate
1513 2946 1722 2999 nostra
1756 2934 2067 3000 ordinaria
2095 2935 2366 3002 eundem
2407 2937 2872 3003 admitteremus
2923 2938 3003 3003 ad
3044 2937 3370 3003 rectoriam

593 3036 854 3102 eandem
873 3050 938 3103 et
958 3037 1162 3125 ipsum
1173 3062 1500 3126 parsonam
1517 3065 1625 3104 seu
1645 3055 1948 3107 rectorem
1963 3042 2429 3109 institueremus
2446 3057 2510 3109 et
2529 3044 2963 3111 induceremus
2980 3044 3049 3109 in
3070 3045 3331 3110 eandem
3354 3095 3366 3106 .

591 3157 844 3231 propter
873 3147 1044 3230 quod
1070 3171 1182 3212 nos
1211 3147 1548 3234 unicuique
1571 3148 1638 3213 in
1667 3173 1778 3215 sua
1811 3151 1984 3236 justa
2012 3150 2322 3238 peticione
2343 3152 2665 3237 justiciam
2693 3152 2893 3218 facere
2920 3152 3198 3217 volentes
3226 3176 3365 3238 pre-

587 3250 772 3316 missa
799 3251 1211 3337 inquisicione
1240 3277 1424 3341 super
1445 3255 1778 3322 vacacione
1802 3256 1968 3323 dicte
1997 3259 2257 3324 rectorio
2280 3259 2887 3346 percommissarium
2905 3258 3367 3324 Archideaconi

588 3356 782 3421 nostri
813 3356 894 3422 ad
921 3357 1099 3442 cujus
1121 3358 1241 3424 hoc
1270 3371 1508 3445 spectat
1533 3359 1602 3422 in
1631 3358 1876 3426 diocese
1905 3373 2113 3426 nostra
2141 3359 2419 3426 officium
2443 3375 2625 3448 capta
2641 3361 2719 3426 de
2740 3361 3030 3428 fidelibus
3046 3361 3285 3427 clericis
3304 3375 3369 3426 et

589 3461 762 3528 laicis
791 3462 859 3526 in
887 3463 1084 3530 forma
1100 3464 1262 3549 juris
1295 3465 1508 3531 debita
1535 3479 1600 3531 et
1627 3481 1922 3534 consueta
1961 3482 2150 3556 prout
2177 3494 2263 3534 ex
2291 3469 2734 3536 certificatione
2769 3469 2920 3537 dicti
2964 3470 3365 3536 commissarii

590 3592 702 3655 per
729 3568 938 3635 literas
965 3593 1104 3635 suas
1135 3584 1414 3658 patentes
1437 3572 1617 3639 nobis
1649 3577 1970 3641 constabat
1999 3577 2078 3642 ad
2100 3576 2358 3664 plenum
2390 3615 2404 3629 ·
2437 3577 2606 3663 quod
2635 3577 2804 3644 dicta
2829 3577 3093 3643 rectoria
3120 3578 3368 3642 vacavit

587 3700 699 3763 per
727 3676 1104 3742 sentenciam
1134 3676 1288 3744 dicti
1316 3678 1720 3744 commissarii
1748 3681 1942 3746 nostri
1973 3706 2009 3746 a
2037 3706 2163 3767 qua
2188 3681 2351 3748 inFra
2378 3695 2624 3769 tempus
2644 3682 2805 3768 juris
2834 3682 3094 3748 minime
3124 3682 3365 3748 audivi-

591 3807 730 3849 mus
769 3784 1126 3872 appelatum
1161 3823 1173 3837 ·
1206 3799 1270 3850 et
1298 3786 1468 3871 quod
1495 3811 1607 3876 per
1634 3813 1832 3854 unum
1861 3814 2173 3857 menscem
2204 3816 2241 3857 a
2273 3804 2551 3878 tempore
2580 3791 2745 3857 dicte
2780 3791 3093 3857 sentencie
3120 3791 3367 3857 vacavit

593 3911 710 3953 nec
738 3911 867 3952 non
895 3902 961 3954 et
989 3891 1157 3975 quod
1187 3891 1354 3957 dicta
1381 3895 1646 3960 rectoria
1673 3896 1754 3961 ad
1773 3897 1927 3963 dicti
1956 3897 2219 3964 Roberti
2240 3899 2557 3985 spectabat
2585 3896 3111 3984 presentacionem
3133 3898 3211 3964 de
3225 3899 3369 3982 jure

593 4022 705 4062 suo
755 3998 1127 4064 successorio
1171 3999 1672 4086 predecessorum
1707 4027 1960 4069 suorum
1993 4043 2006 4055 ·
2038 4017 2103 4070 et
2146 4003 2316 4089 quod
2359 4002 2562 4068 dictus
2595 4015 2979 4089 presentatus
3013 4001 3135 4068 fuit
3177 4016 3240 4067 et
3278 4015 3371 4066 est

595 4100 854 4168 clericus
888 4103 1248 4169 sufficientis
1286 4105 1604 4173 literature
1651 4122 1716 4174 et
1757 4109 1936 4174 etatis
1979 4109 2261 4197 legitime
2300 4109 2459 4174 liber
2488 4132 2560 4174 ac
2595 4107 2912 4196 legitimus
2941 4123 3006 4174 et
3046 4107 3271 4173 habilis
3300 4109 3367 4171 in

591 4207 869 4273 moribus
913 4207 994 4273 ad
1026 4208 1267 4274 dictum
1308 4210 1686 4277 beneficium
1733 4212 2146 4300 optinendum
2180 4250 2193 4263 ·
2230 4213 2311 4278 ad
2339 4211 2603 4278 eandem
2643 4212 2973 4278 rectoriam
3001 4211 3361 4279 admisimus

593 4315 868 4380 eundem
891 4328 956 4380 et
975 4315 1180 4403 ipsum
1210 4315 1595 4382 instituimus
1624 4330 1688 4383 et
1714 4317 1931 4383 induci
1952 4318 2212 4384 fecimus
2240 4318 2308 4382 in
2338 4317 2601 4383 eandem
2625 4356 2637 4370 ·
2662 4331 2803 4406 post
2828 4319 2946 4385 hec
2976 4332 3369 4406 comparente

593 4438 801 4487 coram
843 4420 1024 4487 nobis
1065 4436 1460 4510 procuratore
1503 4423 1786 4512 legitimo
1829 4425 2204 4509 d[ictorum]
2258 4424 2689 4513 religiosorum
2733 4425 3009 4491 virorum
3060 4439 3367 4491 rectorum

3113 4535 3367 4610 ecclesie
