4295 5410
1976 638 2067 715 37

627 826 948 889 quousque
964 803 1045 870 de
1073 801 1362 867 omnibus
1391 798 1712 888 arreragiis
1729 797 1884 866 dicti
1910 796 2193 864 redditus
2220 797 2496 886 plenarie
2524 797 2613 864 eis
2638 797 2832 865 fuerit
2858 797 3254 865 satisfactum.
3316 799 3405 866 Et

624 909 818 974 finitis
858 908 1269 996 quadraginta
1306 906 1484 974 annis
1520 905 1889 995 supradictis
1917 904 2104 972 liceat
2138 929 2226 971 ex
2264 917 2417 970 tunc
2444 904 2697 992 prefatis
2728 904 2931 970 Priori
2962 918 3028 971 et
3064 907 3403 971 conventui

625 1027 689 1080 et
709 1013 1158 1080 successoribus
1187 1011 1312 1076 suis
1341 1009 1550 1075 omnia
1577 1009 1824 1076 edificia
1851 1031 2037 1098 super
2065 1010 2329 1077 eandem
2349 1010 2630 1098 placeam
2658 1024 3009 1078 constructa
3036 1011 3170 1078 sine
3198 1013 3406 1099 aliqua

627 1121 1114 1188 contradictione
1136 1120 1240 1186 vel
1259 1119 1523 1207 strepitu
1543 1117 1832 1204 judiciali
1860 1119 2090 1184 intrare
2121 1130 2187 1186 et
2212 1119 2281 1185 in
2297 1119 2581 1207 proprios
2608 1143 2756 1185 usus
2776 1120 3072 1186 rehabere
3095 1135 3159 1185 et
3180 1120 3401 1185 volun-

625 1241 819 1294 tatem
846 1251 1022 1294 suam
1050 1227 1198 1293 inde
1215 1227 1434 1294 facere.
1522 1226 1654 1292 Nos
1682 1249 1832 1292 vero
1862 1226 2015 1292 dicti
2045 1227 2230 1292 Prior
2256 1240 2321 1294 et
2348 1241 2692 1294 conventus
2720 1240 2785 1294 et
2812 1251 3183 1294 successores
3212 1227 3405 1292 nostri

627 1334 859 1401 dictam
887 1335 1165 1422 placeam
1193 1357 1340 1403 cum
1378 1333 1666 1399 omnibus
1695 1332 1820 1398 suis
1849 1331 2110 1398 edificiis
2139 1333 2378 1422 prefato
2406 1333 2733 1399 WiHelmo
2760 1332 3094 1398 heredibus
3123 1345 3187 1399 et
3214 1334 3401 1422 assig-

628 1443 788 1508 natis
817 1443 942 1507 suis
969 1454 1185 1507 contra
1213 1461 1635 1526 quoscumque
1665 1435 2205 1502 warantizabimus
2229 1460 2423 1523 usque
2453 1437 2533 1502 ad
2559 1438 2753 1504 finem
2774 1438 3025 1503 termini
3047 1437 3313 1525 predicti
3342 1449 3405 1502 et

629 1545 1046 1612 defendemus,
1135 1545 1214 1609 In
1259 1544 1439 1629 cujus
1466 1543 1558 1608 rei
1587 1539 2012 1607 testimonium
2049 1541 2326 1628 sigillum
2364 1565 2696 1609 commune
2724 1543 3145 1630 predictorum
3175 1544 3407 1608 Prioris

630 1667 693 1717 et
719 1665 1064 1718 conventus
1091 1651 1425 1716 indenture
1462 1649 1668 1714 eidem
1695 1647 2022 1712 Willelmo
2061 1649 2288 1714 tradite
2326 1661 2420 1714 est
2456 1672 2799 1736 appensum
2845 1664 2911 1716 et
2947 1649 3223 1738 sigillum
3252 1649 3407 1715 dicti

630 1757 938 1824 Willelmi
979 1757 1130 1822 huic
1171 1756 1503 1822 indenture
1541 1753 1722 1821 nobis
1751 1753 1956 1819 Priori
1993 1767 2059 1819 et
2102 1754 2442 1820 conventui
2470 1754 2629 1821 facte
2675 1767 2769 1821 est
2812 1779 3171 1844 appensum.
3261 1755 3407 1821 Hiis

629 1865 888 1930 testibus
921 1902 933 1914 ·
968 1862 1253 1930 Galfrido
1284 1862 1556 1949 Crompe
1585 1873 1736 1926 tunc
1763 1859 1998 1945 majore
2027 1859 2298 1926 civitatis
2328 1859 2572 1926 Dublin
2605 1899 2619 1912 ·
2651 1860 2900 1949 Rogero
2930 1861 3315 1927 Graunceter
3343 1877 3406 1927 et

631 1969 912 2035 Waltero
943 1968 1120 2034 Lusk
1149 1982 1300 2034 tunc
1327 1967 1576 2035 ballivis
1609 2007 1622 2018 ·
1653 1968 1698 2033 J
1699 1967 1942 2032 ohanne
1975 1966 2260 2032 Taillour
2293 2005 2305 2018 ·
2340 1967 2589 2032 Thoma
2610 1967 2851 2056 Dyllon
2884 2006 2896 2019 ·
2928 1968 3077 2032 Ada
3096 1967 3358 2055 Alesley
3391 2007 3401 2017 -

629 2077 670 2142 J
673 2077 916 2143 ohanne
947 2077 1105 2142 Lam
1139 2117 1150 2128 ·
1186 2077 1494 2142 Mauricio
1525 2077 1740 2142 Broun
1769 2089 1834 2141 et
1863 2075 2076 2142 multis
2106 2076 2260 2142 aliis,
2330 2076 2569 2141 Datum
2598 2074 2842 2142 Dublin
2870 2074 2937 2138 in
2968 2075 3121 2141 festo
3150 2087 3216 2140 et
3242 2097 3405 2140 anno

631 2185 1015 2272 supradictis.

1821 2442 2205 2516 XXXIV.

1224 2633 1339 2709 Ἐκ
1372 2629 1539 2704 teuta
1573 2631 1642 2704 iu
1675 2641 1846 2723 parte
1880 2628 2170 2703 nritntali
2201 2628 2400 2721 plum
2434 2629 2799 2721 samanae.

796 2821 1014 2889 Lacita
1059 2844 1268 2888 coram
1299 2820 1568 2886 Ricardo
1598 2818 1759 2885 Olof
1783 2819 1903 2904 maj
1911 2842 2014 2883 ore
2055 2818 2305 2883 Thoma
2341 2817 2420 2883 de
2448 2816 2894 2906 Wynchestria
2937 2828 3002 2882 et
3039 2816 3287 2905 Rogero
3326 2816 3405 2881 de

823 2927 1176 2992 Asseborne
1197 2923 1526 3012 prepositis
1548 2921 1792 2988 Dublin
1811 2922 1912 2987 die
1937 2922 2159 2989 Martis
2182 2922 2473 3009 proximo
2494 2935 2635 3010 post
2654 2922 2882 2988 festum
2909 2922 3121 2989 Sancti
3146 2922 3406 2989 Martini

629 3059 792 3101 anno
819 3033 999 3122 regni
1027 3033 1190 3121 regis
1219 3031 1522 3097 Edwardi
1551 3029 1668 3095 filii
1695 3030 1860 3118 regis
1890 3029 2190 3095 Edwardi
2220 3028 2483 3093 decimo.
2570 3028 2785 3095 Assisa
2812 3029 2989 3094 venit
3024 3029 3403 3117 recognicio-

629 3140 723 3203 nis
753 3139 804 3204 si
835 3137 1139 3203 Ricardus
1168 3135 1445 3223 Ponteys
1473 3135 1702 3220 injuste
1743 3146 1806 3199 et
1851 3134 1983 3199 sine
2003 3133 2250 3219 judicio
2278 3157 2391 3220 per
2426 3156 2602 3198 suam
2630 3134 2878 3201 friscam
2905 3135 3163 3201 forciam
3192 3136 3404 3202 dissei-

627 3246 870 3311 sivisset
895 3244 1146 3309 fratrem
1174 3242 1237 3306 N
1238 3242 1499 3330 igellum
1520 3241 1802 3306 Priorem
1830 3240 2087 3305 ecclesie
2111 3239 2417 3304 Omnium
2444 3239 2811 3305 Sanctorum
2833 3242 3023 3326 juxta
3052 3242 3296 3307 Dublin
3326 3243 3403 3309 de

628 3350 824 3416 libero
854 3360 1208 3414 tenemento
1231 3371 1342 3412 suo
1364 3347 1432 3411 in
1455 3345 1700 3412 Dublin
1728 3344 1890 3411 infra
1918 3370 2153 3412 annum
2182 3348 2295 3413 &c.
2326 3348 2623 3414 videlicet
2644 3350 2721 3414 de
2750 3350 2859 3415 illa
2887 3351 3064 3416 celda
3092 3376 3237 3417 cum
3266 3378 3404 3442 per-

629 3453 916 3519 tinenciis
938 3478 1060 3539 que
1081 3466 1174 3518 est
1193 3452 1262 3516 in
1285 3452 1426 3518 vico
1455 3452 1638 3519 castri
1659 3452 1727 3517 in
1749 3452 2042 3540 parochia
2066 3453 2294 3519 Sancte
2314 3453 2669 3543 Werburge
2692 3468 2757 3520 et
2768 3456 2937 3541 jacet
2958 3457 3121 3523 inter
3143 3483 3404 3525 vacuam

627 3562 906 3649 placeam
951 3560 1216 3649 predicti
1246 3560 1478 3625 Prioris
1524 3582 1606 3626 ex
1657 3573 1831 3648 parte
1882 3560 2253 3625 occidentali
2301 3573 2365 3627 et
2406 3561 2649 3627 celdam
2699 3563 3116 3651 prenominati
3148 3564 3403 3630 Ricardi

631 3664 905 3753 Ponteys
933 3689 1019 3730 ex
1046 3678 1220 3753 parte
1245 3666 1530 3731 orientali
1563 3705 1575 3717 ·
1610 3667 1697 3731 Et
1725 3666 1893 3733 unde
1922 3668 2238 3755 predictus
2260 3668 2443 3733 Prior
2470 3670 2751 3755 queritur
2779 3670 2949 3756 quod
2977 3696 3123 3736 cum
3153 3672 3405 3738 distrin-

627 3784 802 3859 geret
838 3770 908 3834 in
945 3783 1299 3837 tenemento
1342 3770 1623 3859 predicto
1671 3796 1782 3859 pro
1828 3772 2079 3838 redditu
2125 3798 2239 3838 suo
2268 3782 2375 3841 820.
2465 3775 2645 3840 Idem
2675 3774 2981 3841 Ricardus
3011 3777 3285 3865 Ponteys
3326 3780 3403 3843 de

627 3876 906 3964 predicta
926 3875 1311 3942 districtione
1333 3877 1538 3965 ipsum
1557 3877 1836 3943 Priorem
1866 3878 2072 3944 minus
2093 3880 2263 3965 juste
2286 3879 2745 3946 deforciavisset
2766 3890 2870 3946 &c.
2960 3882 3048 3946 Et
3076 3884 3235 3970 petit
3256 3884 3404 3948 inde

627 3982 874 4047 assisam
903 3990 1009 4047 Sto.
1099 3982 1189 4047 Et
1215 3982 1532 4070 predictus
1561 3983 1866 4048 Ricardus
1909 3983 2085 4049 venit
2121 3997 2187 4049 et
2214 3986 2375 4050 bene
2418 3985 2718 4073 cognovit
2746 3986 2916 4071 quod
2946 3986 3405 4054 deforciavisset

629 4089 979 4176 predictum
1022 4088 1304 4155 Priorem
1342 4089 1421 4155 de
1465 4090 1850 4156 districtione
1897 4114 2008 4157 sua
2056 4091 2341 4179 predicta
2384 4106 2572 4180 prout
2620 4092 2791 4158 idem
2821 4093 3001 4159 Prior
3053 4096 3265 4159 asserit
3293 4104 3397 4161 διο.

627 4196 780 4260 Ideo
808 4194 1263 4261 consideratum
1286 4208 1379 4262 est
1408 4198 1576 4283 quod
1604 4198 1919 4285 predictus
1948 4200 2130 4264 Prior
2158 4214 2482 4287 recuperet
2508 4200 2796 4266 saisinam
2824 4225 2997 4267 suam
3022 4202 3099 4267 de
3123 4202 3401 4290 predicta

626 4302 803 4368 calda
830 4326 977 4369 cum
1005 4301 1402 4390 pertinenciis
1431 4326 1642 4368 versus
1663 4304 2014 4392 predictum
2033 4305 2377 4371 Ricardum
2401 4330 2511 4393 per
2538 4307 3037 4395 recognicionem
3066 4332 3239 4373 suam
3262 4333 3396 4395 pre-

624 4407 856 4473 dictam
886 4416 991 4473 &c.
1081 4408 1170 4473 Et
1197 4408 1512 4496 predictus
1542 4409 1848 4476 Ricardus
1877 4412 2290 4478 committitur
2317 4412 2565 4500 prisone
2602 4413 2749 4499 quia
2793 4416 3158 4503 recognovit
3187 4415 3399 4479 dissei-

3200 4544 3395 4585 smam
