4295 5410
2256 623 2344 715 78

2072 890 2521 964 LXXXIX.

1765 1073 1910 1175 [we
1939 1076 2196 1151 naahas
2230 1077 2458 1151 mattis
2494 1074 2837 1175 marutia]

1092 1265 1346 1334 Icardus
1366 1263 1766 1352 permissione
1789 1264 2006 1330 divina
2022 1264 2329 1332 Dublinie
2350 1263 2848 1353 archiepiscopus
2867 1264 3174 1331 Hibernie
3196 1264 3425 1354 primas
3442 1265 3684 1333 dilectis

1143 1372 1322 1438 nobis
1361 1371 1430 1435 in
1469 1370 1718 1436 Christo
1763 1371 2066 1460 religiosis
2111 1372 2263 1437 viris
2301 1372 2505 1437 Priori
2551 1386 2615 1438 et
2652 1373 2989 1438 conventui
3018 1372 3346 1449 ⁴Prioratus
3384 1372 3687 1437 Omnium

917 1480 1287 1545 Sanctorum
1307 1477 1499 1563 juxta
1526 1475 1770 1542 Dubh’n
1798 1476 2034 1543 ordinis
2066 1478 2280 1543 Sancti
2310 1477 2657 1566 Augustini
2695 1478 2955 1544 salutem
2994 1479 3263 1567 graciam
3302 1490 3367 1543 et
3393 1478 3684 1545 benedic-

912 1586 1171 1652 tionem.

1041 1690 1294 1755 Divinis
1322 1688 1593 1755 cultibus
1610 1688 1980 1755 desudantes
1997 1688 2207 1755 favore
2230 1689 2519 1777 prosequi
2541 1690 2836 1756 convenit
2864 1690 3147 1778 ampliori
3174 1716 3244 1757 ac
3274 1716 3421 1757 cura
3449 1706 3514 1758 et
3540 1691 3686 1757 soli-

908 1798 1188 1866 citudine
1216 1795 1634 1862 favorabiliter
1670 1794 1999 1883 providere
2036 1820 2117 1861 ne
2144 1796 2495 1862 laborantes
2522 1796 2593 1860 in
2614 1822 2763 1886 agro
2794 1797 3055 1861 Domini
3082 1822 3356 1886 congrue
3384 1813 3683 1863 sustenta-

911 1902 1108 1969 cionis
1151 1900 1419 1990 presidio
1459 1900 1903 1967 defraudentur
1935 1940 1948 1953 ·
1994 1902 2157 1969 Sane
2204 1918 2409 1969 vestra
2444 1903 2735 1989 frequens
2778 1918 2841 1970 et
2880 1904 3125 1969 assidua
3172 1903 3350 1970 nobis
3401 1904 3688 1970 exhibita

911 2009 1228 2098 suggestio
1272 2009 1531 2096 querula
1575 2008 1936 2075 continebat
1953 2011 2136 2095 ,quod
2165 2010 2314 2076 licet
2351 2014 2429 2077 ab
2459 2012 2715 2098 antiquo
2746 2011 3062 2077 Prioratus
3100 2024 3302 2077 vester
3329 2012 3470 2099 plus
3500 2036 3685 2098 quam

904 2117 1040 2201 jam
1085 2114 1263 2181 terris
1307 2114 1792 2202 possessionibus
1837 2116 2236 2203 porcionibus
2280 2117 2627 2183 redditibus
2674 2117 2930 2184 decimis
2984 2117 3383 2205 pensionibus
3428 2118 3687 2205 aliisque

914 2222 1403 2288 obvencionibus
1432 2233 1497 2287 et
1523 2221 1922 2288 facultatibus
1950 2246 2063 2310 pro
2093 2223 2383 2290 omnibus
2420 2224 2711 2291 oneribus
2750 2224 2955 2289 eidem
2985 2223 3295 2289 Prioratui
3325 2225 3689 2313 regulariter

905 2328 1414 2394 incumbentibus
1443 2330 1880 2417 supportandis
1909 2331 2157 2398 dotatus
2186 2331 2377 2397 fuerit
2407 2370 2421 2384 ·
2454 2332 2933 2421 archiepiscopis
2962 2332 3071 2418 qui
3100 2356 3215 2419 pro
3244 2346 3523 2419 tempore
3550 2330 3684 2397 fue-

910 2448 1050 2499 rant
1081 2473 1093 2486 ·
1125 2435 1554 2501 visitacionem
1599 2435 1973 2501 ordinariam
2010 2435 2079 2500 in
2109 2435 2279 2501 dicto
2309 2435 2598 2501 Prioratu
2648 2450 2713 2501 et
2758 2435 3031 2502 ecclesiis
3076 2435 3145 2500 in
3183 2435 3412 2502 diocesi
3443 2436 3686 2503 Dublin

910 2538 1262 2605 constitutis
1291 2540 1460 2606 dicto
1490 2540 1789 2628 prioratui
1821 2540 2188 2628 apropriatis
2224 2541 2627 2628 personaliter
2672 2542 3023 2607 excercenti
3032 2543 3142 2608 bus
3171 2544 3529 2630 procuracio
3575 2568 3688 2611 sex

907 2667 1254 2712 marcarum
1285 2645 1524 2734 argenti
1553 2658 1798 2710 tantum
1829 2643 2090 2733 singulis
2121 2643 2297 2710 annis
2327 2644 2555 2731 quibus
2583 2644 2906 2711 visitarent
2932 2645 3223 2713 exhiberi
3252 2648 3505 2715 solebat.

1038 2750 1284 2817 Verum
1331 2752 1480 2837 quia
1526 2751 1728 2816 dictus
1775 2751 2094 2833 Prioratus
2140 2764 2395 2841 propter
2430 2751 2676 2818 ruinam
2722 2751 2937 2817 edium
2984 2768 3325 2820 vestrarum
3372 2779 3444 2822 ac
3489 2757 3685 2822 eciam

910 2856 1171 2943 injustas
1201 2873 1264 2924 et
1280 2859 1533 2924 hostiles
1555 2858 2000 2946 occupaciones
2030 2882 2102 2925 ac
2123 2859 2506 2925 vastaciones
2522 2872 2825 2925 terrarum
2847 2859 3297 2946 possessionum
3319 2860 3687 2948 pensionum

910 2962 1272 3028 reddituum
1312 2965 1696 3053 aliarumque
1737 2965 2199 3032 obvencionum
2227 2966 2647 3054 predictarum
2688 2991 2758 3032 ac
2787 2979 3041 3054 propter
3083 2966 3338 3032 nimiam
3385 2991 3687 3033 annorum

911 3069 1299 3135 sterilitatem
1329 3071 1656 3136 hominum
1685 3086 1750 3138 et
1779 3072 2144 3138 animalium
2173 3073 2613 3140 mortalitatem
2642 3073 2961 3161 hospitum
2991 3073 3443 3139 confluenciam
3472 3098 3687 3140 onero·

914 3199 1046 3240 sam
1093 3190 1158 3240 et
1187 3175 1447 3240 aliorum
1486 3177 1910 3264 oppressiones
1938 3176 2322 3242 indictorum
2350 3190 2415 3241 et
2444 3175 3007 3264 superindictorum
3045 3176 3287 3262 aliaque
3332 3178 3693 3264 gravamina

915 3282 1144 3367 quibus
1172 3281 1368 3346 resisti
1398 3305 1525 3346 non
1555 3281 1761 3368 potuit
1789 3280 1964 3368 quasi
1992 3279 2243 3345 infinita
2270 3279 2351 3344 ad
2372 3293 2543 3346 tante
2572 3280 2952 3368 paupertatis
2986 3279 3295 3345 miseriam
3316 3280 3451 3366 jam
3481 3282 3693 3348 evenit

915 3388 1084 3474 quod
1113 3389 1277 3452 bona
1306 3387 1456 3453 dicti
1489 3387 1806 3452 Prioratus
1835 3387 2230 3453 remanencia
2251 3411 2363 3474 pro
2392 3387 2691 3452 mediocri
2716 3387 3166 3452 sustentacione
3190 3387 3423 3452 Prioris
3452 3402 3517 3452 et
3542 3412 3689 3454 con-
3756 3417 3765 3426 ’

914 3507 1139 3558 ventus
1162 3495 1276 3558 vix
1306 3494 1616 3560 sufficiant
1635 3533 1650 3546 ·
1670 3519 1782 3583 per
1803 3520 1923 3581 que
1948 3496 2151 3561 dictus
2170 3495 2488 3560 Prioratus
2515 3496 2671 3562 adeo
2700 3510 2793 3560 est
2815 3495 3135 3583 depressus
3154 3495 3322 3581 quod
3344 3495 3463 3559 nisi
3486 3495 3689 3560 eidem

915 3598 1176 3665 celerius
1198 3612 1586 3692 succurratur
1605 3613 1731 3664 tam
1754 3599 1956 3664 cultus
1975 3598 2227 3663 divinus
2247 3611 2313 3664 et
2332 3598 2652 3687 religionis
2674 3599 3073 3665 observancia
3094 3623 3279 3685 quam
3303 3598 3423 3664 alia
3445 3599 3691 3687 pietatis

915 3728 1104 3791 opera
1130 3704 1198 3769 in
1226 3689 1362 3791 ipso
1393 3703 1681 3769 Prioratu
1709 3703 1788 3768 de
1818 3703 2179 3768 necessitate
2218 3703 2547 3768 cessabunt
2570 3739 2583 3752 ·
2608 3701 2899 3788 idemque
2928 3703 3244 3768 Prioratus
3272 3704 3351 3768 ad
3378 3702 3689 3793 irrecupe-

913 3811 1125 3876 rabilis
1147 3811 1550 3877 desolacionis
1579 3811 1985 3900 opprobrium
2015 3811 2185 3897 quod
2207 3811 2368 3877 absit
2395 3809 2700 3898 proximis
2722 3809 2945 3875 futuris
2973 3809 3356 3897 temporibus
3385 3809 3688 3878 verisimi-

917 3916 1062 3982 liter
1091 3917 1451 3982 deducetur.

1047 4024 1255 4104 Quare
1284 4023 1464 4090 nobis
1489 4023 1810 4089 humiliter
1838 4023 2227 4111 supplicastis
2256 4022 2549 4109 quatinus
2576 4021 2754 4087 vobis
2791 4046 2862 4087 ac
2892 4021 3201 4087 Prioratui
3229 4033 3433 4087 vestro
3460 4033 3526 4087 et
3553 4044 3689 4087 suc-

917 4130 1258 4208 cessoribus
1295 4129 1514 4195 vestris
1558 4130 2013 4218 compacientes
2041 4130 2232 4195 simus
2272 4154 2344 4195 ac
2387 4129 2736 4196 exilitatem
2783 4128 3143 4194 reddituum
3182 4143 3246 4195 et
3271 4145 3689 4216 proventuum

918 4233 1338 4321 predictorum
1362 4233 1464 4321 pie
1493 4235 1722 4317 mentis
1751 4232 1962 4299 oculos
1991 4233 2450 4300 considerantes
2478 4257 2559 4298 ne
2586 4233 2751 4298 ultra
2767 4247 3033 4319 quatuor
3060 4257 3292 4300 marcas
3312 4235 3380 4300 in
3402 4259 3689 4323 procura-

918 4339 1096 4405 cione
1118 4339 1252 4426 ipsa
1282 4340 1414 4405 sitis
1441 4340 1701 4406 ulterius
1730 4340 1910 4406 nobis
1932 4353 2040 4405 aut
2067 4339 2517 4406 successoribus
2546 4339 2769 4404 nostris
2797 4339 2865 4403 in
2895 4341 3427 4431 archiepiscopatu
3448 4345 3693 4411 Dublin

919 4447 1268 4535 aliqualiter
1297 4447 1559 4538 obligati
1593 4487 1606 4500 ·
1639 4461 1732 4515 set
1761 4462 2028 4536 quatuor
2064 4472 2410 4516 marcarum
2448 4447 2763 4516 solucione
2807 4449 2997 4514 simus
3024 4474 3138 4538 pro
3166 4463 3444 4539 tempore
3482 4465 3691 4518 nostro

3624 4571 3691 4624 et
