4295 5410
1980 646 2068 739 83

635 828 1004 917 parochialis
1045 838 1232 913 atque
1276 826 1704 895 conventualis
1733 825 2041 892 Omnium
2074 825 2444 891 Sanctorum
2464 825 2655 911 juxta
2682 823 2928 889 Dublin
2964 824 3217 889 nomine
3248 823 3413 889 dicte

634 935 890 1004 ecclesie
919 945 1158 1022 partem
1189 932 1480 998 actricem
1509 956 1594 999 ex
1622 957 1748 999 una
1776 945 1951 1020 parte
1980 944 2044 998 et
2070 933 2115 997 J
2116 934 2382 1000 acobum
2411 933 2636 999 Power
2661 933 2865 998 civem
2898 934 3141 1000 Dublin
3171 933 3411 999 dudum

633 1052 1065 1127 occupatorem
1096 1037 1260 1103 dicte
1289 1050 1543 1125 pasture
1581 1050 1821 1125 partem
1863 1061 2033 1103 ream
2062 1061 2146 1101 ex
2178 1038 2370 1103 altera
2395 1075 2408 1088 ·
2432 1060 2641 1103 coram
2678 1039 2859 1103 nobis
2886 1038 2954 1103 in
2985 1040 3157 1105 curia
3184 1054 3411 1105 metro-

633 1146 890 1235 politica
915 1144 1196 1231 predicta
1223 1155 1393 1207 mota
1428 1142 1582 1207 adeo
1611 1141 2020 1229 processimus
2058 1140 2230 1228 quod
2269 1142 2503 1205 vocatis
2531 1142 2829 1207 vocandis
2868 1155 2933 1207 et
2977 1144 3315 1208 observatis
3342 1145 3411 1208 in

635 1275 708 1316 ea
748 1263 924 1338 parte
954 1250 1032 1314 de
1053 1248 1199 1335 jure
1229 1248 1628 1313 observandis
1667 1248 1923 1313 demum
1964 1248 2337 1315 sententiam
2382 1272 2498 1336 pro
2526 1262 2701 1337 parte
2732 1250 3043 1317 dictorum
3082 1252 3317 1316 Prioris
3347 1266 3411 1315 et

631 1368 977 1422 conventus
1003 1354 1262 1419 tulimus
1301 1354 1700 1420 diffinitivam
1745 1354 1978 1420 tenoris
2022 1355 2454 1440 subsequentis
2501 1355 2797 1421 videlicet
2829 1394 2841 1407 ·
2873 1355 2953 1420 In
2993 1357 3117 1421 Dei
3155 1357 3409 1422 nomine

629 1460 843 1525 Amen
876 1499 888 1511 ·
920 1459 1180 1524 Auditis
1221 1460 1371 1524 visis
1414 1472 1479 1526 et
1516 1461 1760 1549 plenius
1789 1462 2120 1527 intellectis
2164 1462 2401 1528 meritis
2445 1474 2510 1528 et
2550 1464 3037 1530 circumstanciis
3074 1489 3255 1531 cause
3300 1489 3411 1531 seu

630 1591 952 1633 causarum
973 1566 1370 1654 possessionis
1398 1578 1464 1631 et
1475 1567 1638 1651 juris
1657 1568 2046 1655 percipiendi
2070 1569 2341 1635 decimas
2362 1583 2611 1657 pasture
2632 1583 2852 1637 vocate
2874 1570 2933 1635 le
2956 1570 3153 1658 Steyn
3183 1595 3411 1659 magna

620 1677 812 1760 juxta
841 1674 1086 1740 Dublin
1115 1698 1186 1739 ac
1215 1673 1608 1761 spoliacionis
1638 1674 1919 1760 ejusdem
1940 1674 2106 1739 inter
2123 1674 2376 1740 fratrem
2400 1674 2796 1741 Willelmum
2822 1675 3107 1742 Stewnot
3128 1676 3409 1743 Priorem

629 1796 816 1867 atque
847 1798 1228 1847 conventum
1257 1781 1480 1846 domus
1507 1782 1890 1867 ecclesieque
1917 1782 2289 1870 parochialis
2318 1795 2383 1847 et
2419 1781 2850 1847 conventualis
2880 1780 3183 1845 Omnium
3219 1779 3409 1846 Sanc-

627 1900 834 1951 torum
849 1888 1040 1973 juxta
1061 1886 1307 1951 Dublin
1328 1886 1581 1951 nomine
1604 1886 1771 1951 dicte
1801 1886 2059 1953 ecclesie
2082 1899 2322 1974 partem
2352 1886 2642 1953 actricem
2672 1910 2756 1951 ex
2786 1909 2914 1951 una
2934 1898 3110 1973 parte
3140 1899 3204 1951 ct
3223 1886 3267 1949 J
3270 1910 3408 1950 aco-

624 1995 780 2059 bum
810 1994 1034 2058 Power
1078 1992 1284 2058 civem
1314 1992 1558 2060 Dublin
1589 1993 1832 2059 dudum
1875 2008 2313 2083 occupatorem
2357 1996 2522 2061 dicte
2553 2006 2799 2083 pasture
2842 2007 3085 2081 partem
3125 2018 3293 2059 ream
3324 2019 3407 2059 ex

623 2098 816 2164 altera
865 2136 878 2148 ·
927 2122 1136 2163 coram
1183 2097 1365 2166 nobis
1404 2099 1448 2164 J
1449 2099 1694 2164 ohanne
1739 2099 1978 2187 Alleyn
2025 2098 2277 2165 officiali
2324 2098 2656 2187 principali
2702 2098 2893 2163 Curie
2951 2098 3407 2185 metropolitice

626 2203 872 2270 Dublin
917 2215 1085 2267 mote
1114 2203 1445 2290 pendentis
1486 2204 1590 2270 vel
1619 2204 2038 2291 pendencium
2085 2205 2451 2291 aliquandiu
2496 2204 2771 2270 indecise
2818 2220 2927 2269 aut
2970 2204 3405 2269 indecisamm.

627 2309 717 2373 Et
745 2309 894 2396 quia
919 2308 1278 2375 invenimus
1306 2334 1418 2397 per
1446 2322 1629 2376 testes
1657 2310 2008 2399 fidedignos
2037 2311 2267 2397 quibus
2294 2310 2493 2377 nichil
2522 2311 2891 2377 canonicum
2928 2322 3061 2375 erat
3092 2310 3409 2395 objectum

627 2416 872 2503 aliaque
899 2415 1184 2505 legitima
1211 2416 1585 2483 documenta
1627 2440 1836 2483 coram
1877 2416 2059 2482 nobis
2078 2415 2465 2502 judicialiter
2505 2416 2774 2481 deducta
2802 2415 3081 2481 animum
3124 2430 3407 2480 nostrum

617 2523 790 2607 juste
833 2522 1163 2590 movencia
1188 2522 1454 2611 prefatos
1501 2524 1772 2611 priorem
1811 2536 1876 2589 et
1917 2534 2301 2589 conventum
2339 2521 2761 2587 intencionem
2807 2546 2981 2587 suam
3009 2520 3297 2587 fundasse
3344 2535 3408 2587 et

625 2632 914 2719 probasse
941 2669 952 2680 ·
977 2630 1274 2695 videlicet
1303 2630 1472 2717 quod
1499 2629 1622 2718 ipsi
1651 2642 1716 2695 et
1736 2628 2194 2718 predecessores
2224 2627 2321 2692 sui
2343 2651 2381 2693 a
2401 2639 2680 2716 tempore
2710 2640 2775 2693 ct
2792 2651 2906 2715 per
2926 2640 3207 2715 tempora
3228 2628 3406 2713 cujus

627 2735 920 2802 contrarii
947 2735 1248 2800 memoria
1275 2735 1604 2800 hominum
1633 2758 1761 2798 non
1789 2733 2009 2800 existit
2035 2757 2181 2800 cum
2210 2757 2297 2798 ex
2325 2732 2668 2800 donacione
2700 2733 3053 2799 Theobaldi
3081 2732 3197 2797 filii
3227 2733 3405 2800 Wal-

625 2841 768 2908 terii
813 2841 1110 2929 pincerne
1158 2842 1468 2908 Hibernie
1514 2853 1579 2906 et
1621 2839 2100 2906 confirmacione
2145 2839 2485 2929 apostolica
2530 2839 2794 2929 desuper
2837 2840 3051 2908 habita
3096 2838 3297 2930 longis
3344 2856 3408 2908 et

629 2947 930 3015 laudabili
955 2971 1074 3014 usu
1103 2945 1459 3036 prescriptis
1487 2958 1554 3012 et
1581 2967 1836 3011 consue-

1733 3153 1992 3236 [Cetera
2019 3154 2297 3237 desunt.]

1945 4533 2090 4602 M2
