4295 5410
1952 643 2042 718 57

606 813 918 890 posterum
940 801 1148 888 aliquo
1171 802 1357 867 modo
1367 801 1606 876 ,habere
1627 814 1844 892 potero
1859 802 1930 868 in
1951 803 2215 870 dimidia
2234 827 2441 871 marca
2462 805 2654 871 annui
2676 806 2955 874 redditus
2975 809 3380 896 proveniente

606 910 684 975 de
713 923 874 976 terra
902 931 1024 994 que
1052 920 1310 974 vocatur
1326 908 1776 996 Hanethanrey
1801 946 1814 960 ·
1847 907 2293 995 quamquidem
2321 907 2647 975 dimidiam
2674 935 2944 978 marcam
2974 913 3179 980 dictus
3210 913 3377 1002 Rey-

605 1015 876 1080 mundus
903 1027 1078 1102 pater
1104 1036 1278 1078 meus
1308 1012 1572 1079 Mabilie
1599 1011 1728 1078 filie
1765 1036 1874 1078 sue
1903 1025 1967 1078 et
1992 1009 2327 1077 heredibus
2365 1011 2491 1076 suis
2518 1012 2587 1076 in
2615 1013 2811 1081 libero
2847 1015 3174 1104 maritagio
3204 1015 3381 1082 dedit

609 1133 673 1186 et
699 1119 1029 1186 incartavit
1065 1131 1130 1184 et
1159 1141 1346 1203 quam
1381 1117 1644 1183 eandem
1673 1117 1998 1182 dimidiam
2035 1141 2306 1183 marcam
2352 1117 2569 1184 eadem
2599 1117 2865 1186 Mabilia
2908 1121 3142 1188 eisdem
3172 1123 3375 1188 Priori

611 1237 675 1291 et
701 1223 1037 1292 conventui
1055 1236 1120 1289 et
1146 1246 1361 1290 eorum
1389 1223 1838 1290 successoribus
1866 1223 2169 1288 concessit
2194 1235 2259 1288 et
2284 1223 2353 1286 in
2382 1235 2754 1312 perpetuum
2782 1226 3034 1292 remisit.
3081 1229 3179 1293 Ita
3207 1228 3378 1314 quod

609 1353 724 1396 nec
751 1353 870 1417 ego
898 1353 1014 1394 nec
1043 1327 1266 1414 aliquis
1293 1326 1546 1393 nomine
1574 1350 1713 1392 meo
1743 1326 1981 1412 aliquid
1990 1326 2151 1412 juris
2178 1326 2327 1392 inde
2344 1326 2573 1394 habere
2602 1329 2858 1418 exigere
2886 1331 3017 1398 sive
3044 1332 3375 1425 yendicare

608 1432 687 1498 de
709 1445 911 1498 cetero
939 1431 1296 1520 poterimus.
1341 1430 1420 1494 In
1449 1429 1626 1515 cujus
1654 1428 1744 1494 rei
1773 1428 2198 1495 testimonium
2227 1431 2613 1518 presentibus
2635 1433 2830 1500 literis
2860 1435 3373 1524 sigillummeum

613 1539 887 1627 apposui.
976 1538 1213 1604 Datum
1243 1536 1487 1603 Dublin
1517 1537 1620 1603 die
1647 1538 1691 1602 J
1693 1537 1828 1602 ovis
1865 1537 2157 1626 proxima
2184 1552 2327 1605 ante
2354 1539 2581 1606 festum
2624 1555 2975 1609 sanctorum
3007 1544 3282 1611 Tiburtii
3312 1559 3377 1611 et

614 1643 932 1710 Valeriani
963 1667 1126 1710 anno
1153 1642 1334 1730 regni
1360 1643 1524 1732 regis
1553 1641 1853 1708 Edwardi
1881 1641 2073 1708 tercio
2102 1641 2363 1709 decimo,

1908 1989 2073 2061 LX.

1077 2177 1294 2250 Quarta
1327 2194 1430 2250 m
1462 2175 1876 2250 summatum
1911 2176 1980 2248 ίιι
2015 2185 2351 2248 tenemento
2382 2179 2453 2248 ιιι
2489 2174 2909 2250 Quassatam„

742 2365 929 2432 Ciant
955 2379 1267 2453 presentes
1295 2378 1360 2432 et
1384 2365 1579 2430 futuri
1609 2365 1777 2452 quod
1806 2389 1924 2454 ego
1954 2363 2273 2432 Gralfridus
2302 2363 2382 2429 de
2412 2363 2687 2452 Tryvers
2716 2365 2895 2432 miles
2926 2366 3073 2432 dedi
3102 2371 3373 2437 concessi

783 2486 846 2538 et
882 2474 998 2539 hac
1028 2473 1297 2561 presenti
1326 2487 1493 2538 carta
1518 2498 1660 2539 mea
1698 2472 2061 2539 confirmavi
2091 2471 2295 2537 Priori
2324 2485 2389 2537 et
2415 2473 2755 2538 conventui
2782 2471 3038 2539 ecclesie
3068 2473 3373 2540 Omnium

614 2576 981 2642 Sanctorum
1001 2577 1191 2663 juxta
1213 2575 1457 2642 Dublin
1485 2589 1549 2641 et
1575 2599 1791 2641 eorum
1829 2572 2277 2641 successoribus
2323 2575 2580 2642 ecclesie
2608 2599 2717 2642 sue
2746 2575 3025 2665 predicte
3070 2600 3183 2642 sex
3229 2579 3371 2644 soli-

609 2681 780 2747 datas
819 2693 883 2747 et
920 2695 1060 2747 octo
1107 2679 1450 2747 denariatas
1504 2678 1784 2745 redditus
1825 2701 1970 2745 cum
2015 2677 2417 2767 pertinenciis
2460 2678 2530 2743 in
2570 2678 3051 2769 Aglythonreye
3086 2680 3155 2745 in
3201 2695 3373 2749 tene-

603 2801 817 2856 mento
835 2789 912 2855 de
932 2788 1317 2855 Castelknok
1341 2826 1354 2839 ·
1387 2810 1538 2874 quas
1561 2786 1824 2853 Mabilia
1851 2786 1982 2852 filia
1997 2785 2362 2874 Reymundi
2385 2786 2649 2852 Labank
2680 2812 2802 2874 que
2816 2786 2940 2852 fuit
2960 2812 3123 2852 uxor
3140 2788 3373 2877 Rogeri

609 2894 688 2958 de
717 2893 1098 2959 Mesuntoun
1145 2890 1459 2978 quondam
1507 2888 1682 2954 dedit
1717 2888 1970 2976 prefatis
1999 2888 2206 2954 Priori
2252 2902 2316 2955 et
2360 2891 2699 2956 conventui
2744 2891 3000 2958 ecclesie
3045 2894 3322 2980 predicte
3356 2934 3368 2945 ·

603 2999 918 3067 habendas
963 3013 1026 3065 et
1063 3000 1360 3065 tenendas
1397 2996 1692 3086 predictis
1721 2997 1924 3063 Priori
1962 3010 2027 3063 et
2064 2997 2402 3064 conventui
2448 3012 2512 3064 et
2553 3023 2768 3065 eorum
2818 3001 3265 3066 successoribus
3310 3014 3375 3067 et

603 3106 858 3172 ecclesie
887 3129 996 3172 sue
1025 3105 1303 3194 predicte
1332 3103 1541 3192 quiete
1569 3103 1648 3169 de
1677 3104 1965 3170 omnibus
1993 3104 2269 3171 serviciis
2296 3104 2727 3172 exactionibus
2756 3119 2821 3172 et
2848 3105 3169 3172 domandis
3197 3130 3371 3173 secu-

603 3211 850 3278 laribus.
3230 3280 3241 3289 ,

732 3315 874 3404 Ego
903 3339 1052 3382 vero
1091 3314 1404 3404 predictus
1433 3313 1752 3379 Galfridus
1781 3314 1860 3380 de
1891 3314 2167 3404 Tryvers
2194 3328 2260 3381 et
2295 3315 2553 3383 heredes
2590 3316 2717 3383 mei
2745 3317 3055 3404 predictas
3082 3343 3196 3385 sex
3224 3318 3367 3383 soli-

603 3420 774 3487 datas
802 3434 866 3487 et
895 3434 1032 3487 octo
1057 3420 1398 3487 denariatas
1425 3417 1702 3484 redditus
1730 3418 1997 3508 predicti
2017 3442 2164 3484 cum
2192 3419 2590 3507 pertinenciis
2619 3421 2869 3510 prefatis
2896 3423 3099 3489 Priori
3128 3438 3193 3490 et
3220 3449 3367 3490 con-

601 3526 818 3591 ventui
841 3540 907 3593 et
924 3551 1140 3593 eorum
1160 3524 1606 3593 successoribus
1627 3542 1843 3591 contra
1863 3549 2076 3592 omnes
2092 3538 2309 3615 gentes
2330 3527 2864 3595 warentizabimus
2884 3544 2949 3595 et
2966 3529 3367 3597 defendemus

598 3629 667 3694 in
694 3644 1082 3719 perpetuum.
1171 3630 1250 3696 In
1295 3629 1472 3715 cujus
1515 3627 1608 3695 rei
1642 3628 2068 3695 testimonium
2113 3630 2385 3718 presenti
2428 3644 2594 3698 carte
2643 3656 2781 3699 mee
2826 3633 3102 3722 sigillum
3152 3660 3363 3703 meum

599 3736 873 3824 apposui.
962 3736 1198 3803 Datum
1228 3734 1472 3802 Dublin
1500 3734 1604 3800 die
1633 3733 1855 3800 Martis
1882 3734 1950 3799 in
1972 3734 2126 3802 festo
2154 3734 2367 3803 Sancti
2390 3736 2675 3805 Barnabe
2704 3739 2963 3827 apostoli
2994 3765 3155 3807 anno
3184 3742 3362 3829 regni

592 3841 755 3930 regis
782 3842 1080 3909 Edwardi
1107 3840 1224 3908 filii
1251 3840 1416 3930 regis
1444 3839 1744 3907 Edwardi
1772 3840 2053 3930 septimo.

672 4550 853 4594 1121811
883 4550 1071 4594 Aaou.
1105 4550 1231 4594 soc.
1271 4552 1362 4594 10.
1940 4528 1975 4592 I
3172 4525 3350 4591 LXI.
