4295 5410
1869 643 1956 708 41

1689 891 2152 964 XXXVIII.

1541 1049 1657 1125 Bt
1689 1055 1889 1124 eonem
1925 1059 2286 1122 nutmrntn.

733 1243 850 1310 EG
881 1242 1214 1308 indentur-a
1227 1240 1392 1307 facta
1417 1239 1582 1304 inter
1608 1240 1860 1304 fratrem
1881 1238 2195 1304 Thomam
2216 1237 2498 1304 Priorem
2529 1238 2750 1304 domus
2781 1239 3083 1306 Omnium
3107 1239 3297 1306 Sanc-

775 1363 983 1415 torum
1013 1347 1258 1414 Dublin
1296 1361 1361 1412 et
1395 1347 1674 1432 ejusdem
1705 1347 1926 1410 domus
1955 1361 2335 1411 conventum
2366 1369 2450 1411 ex
2481 1359 2653 1434 parte
2690 1370 2819 1412 una
2856 1361 2921 1412 et
2946 1348 2990 1412 J
2992 1348 3301 1416 ohannem

528 1458 966 1544 Champeneys
1003 1454 1442 1520 Alexandrum
1473 1452 1728 1518 Hunter
1772 1467 1836 1518 et
1864 1451 2259 1517 Willelmum
2298 1451 2529 1540 Hogge
2586 1452 2936 1540 capellanos
2997 1479 3083 1520 ex
3127 1470 3301 1542 parte

527 1565 719 1629 altera
749 1574 1007 1628 testatur
1041 1597 1054 1611 ·
1085 1557 1256 1645 quod
1284 1581 1428 1624 cum
1457 1547 1724 1645 predicti
1752 1555 2058 1644 capellani
2087 1555 2279 1621 scisiti
2309 1569 2373 1621 et
2393 1557 2825 1643 possessionati
2854 1558 2981 1624 sint
3006 1559 3074 1624 in
3105 1561 3304 1626 domi-

523 1670 670 1737 nico
698 1693 810 1734 suo
839 1683 912 1733 ut
941 1668 1019 1733 de
1049 1666 1232 1733 feodo
1260 1665 1528 1754 simplici
1557 1664 1637 1729 de
1667 1687 1794 1729 uno
1823 1663 2140 1751 mesuagio
2180 1686 2326 1729 cum
2354 1662 2755 1750 pertinenciis
2774 1663 3023 1748 jacente
3052 1665 3119 1728 in
3149 1666 3303 1731 civi-

523 1793 652 1844 tate
683 1777 928 1844 Dublin
973 1775 1044 1840 in
1089 1774 1230 1840 vico
1259 1773 1516 1861 Rupelli
1543 1786 1609 1838 et
1642 1772 1712 1836 in
1750 1771 2044 1860 parochia
2075 1769 2289 1837 Sancti
2320 1769 2611 1837 Nicholai
2658 1770 2937 1856 ejusdem
2984 1771 3254 1837 civitatis
3286 1809 3299 1822 ·

526 1884 954 1972 quodquidem
1003 1880 1392 1970 mesuagium
1422 1880 1593 1966 jacet
1633 1879 1704 1945 in
1729 1878 2126 1967 longitudine
2170 1902 2207 1943 a
2256 1877 2398 1943 vico
2441 1876 2722 1965 predicto
2768 1876 3041 1942 anterius
3090 1901 3302 1943 versus

526 2002 801 2055 austrum
823 2010 1020 2072 usque
1043 1985 1124 2051 ad
1144 1999 1370 2050 terram
1392 1982 1709 2069 quondam
1731 1981 1992 2047 Roberti
2009 1980 2457 2047 Asshebourne
2475 1981 2666 2047 modo
2686 1981 2731 2047 J
2733 1982 2994 2048 ohannis
3017 1982 3303 2072 Kylbery

517 2116 731 2159 versus
761 2091 1118 2178 aquilonem
1147 2105 1211 2156 et
1246 2089 1526 2157 continet
1562 2089 1630 2154 in
1667 2089 1776 2154 illa
1803 2088 2199 2178 longitudine
2229 2088 2564 2175 quinquies
2612 2088 2841 2178 viginti
2871 2089 3060 2178 pedes
3093 2129 3107 2143 ·
3138 2105 3203 2157 et
3229 2092 3299 2157 in

526 2196 856 2262 latitudine
877 2197 1041 2264 inter
1071 2209 1295 2262 terram
1318 2196 1634 2281 quondam
1656 2194 1916 2261 Roberti
1946 2195 2026 2261 de
2048 2195 2333 2285 Willeby
2362 2197 2549 2261 modo
2574 2196 2827 2262 Roberti
2848 2197 3059 2263 Irland
3090 2222 3301 2264 versus

529 2301 832 2368 orientem
882 2315 947 2366 et
991 2315 1220 2366 terram
1249 2300 1481 2365 Prioris
1530 2313 1595 2365 et
1630 2299 1895 2364 fratrum
1934 2299 2155 2365 domus
2200 2299 2413 2366 Sancti
2447 2302 2492 2368 J
2494 2301 2754 2368 ohannis
2792 2303 3073 2390 Baptiste
3124 2321 3304 2371 extra

528 2431 757 2472 novam
794 2421 1038 2495 portam
1067 2405 1313 2473 Dublin
1356 2429 1570 2472 versus
1615 2405 2004 2472 occidentem
2049 2419 2114 2471 et
2152 2407 2431 2472 continet
2465 2406 2533 2471 in
2570 2407 2677 2473 illa
2704 2407 3037 2476 latitudine
3075 2409 3303 2499 viginti

527 2526 592 2577 et
619 2535 848 2576 novem
875 2512 1066 2599 pedes
1099 2549 1112 2562 ·
1144 2510 1570 2596 quodquidem
1600 2508 1988 2597 mesuagium
2017 2523 2343 2574 oneratum
2372 2508 2590 2575 existit
2617 2510 2801 2577 dictis
2830 2512 3033 2579 Priori
3064 2529 3128 2580 et
3155 2540 3302 2582 con-

528 2617 746 2683 ventui
793 2633 978 2707 prout
1005 2616 1085 2683 de
1121 2616 1266 2702 jure
1294 2616 1515 2681 domus
1561 2639 1670 2680 sue
1699 2613 1978 2703 predicte
2027 2613 2096 2678 in
2142 2629 2410 2700 quatuor
2454 2616 2730 2682 solidatis
2780 2619 2973 2684 annui
3024 2622 3302 2688 redditus

528 2726 840 2791 solvendis
885 2726 966 2791 ad
993 2725 1151 2790 duos
1197 2724 1344 2789 anni
1381 2722 1678 2789 terminos
1702 2759 1716 2773 ·
1742 2720 2038 2787 videlicet
2066 2721 2146 2788 ad
2175 2721 2329 2787 festa
2360 2722 2572 2789 Sancti
2602 2724 2933 2792 Michaelis
2971 2740 3036 2795 et
3063 2730 3301 2797 Pasche

530 2833 708 2917 equis
736 2830 1152 2919 porcionibus.
2346 2916 2351 2921 Δ

657 2938 935 3005 Predicti
965 2937 1147 3003 Prior
1189 2951 1256 3003 et
1281 2950 1626 3003 conventus
1667 2935 2125 3003 considerantes
2152 2936 2417 3025 grandes
2454 2960 2759 3026 expensas
2787 2954 2851 3006 et
2879 2940 3117 3009 labores
3144 2967 3301 3029 quos

527 3046 682 3115 dicti
711 3046 756 3112 J
757 3045 1030 3111 ohannes
1057 3044 1430 3111 Alexander
1457 3060 1524 3111 et
1549 3044 1912 3110 Willelmus
1939 3043 2199 3109 heredes
2237 3056 2303 3109 et
2329 3043 2623 3131 assignati
2652 3045 2747 3109 sui
2776 3048 3211 3113 sustentabunt
3238 3064 3305 3115 et

527 3174 840 3241 apponere
861 3150 1198 3217 intendunt
1217 3150 1286 3215 in
1313 3150 1708 3238 reparacione
1737 3148 2138 3215 edificacione
2167 3163 2232 3215 et
2252 3148 2693 3215 emendacione
2714 3151 3015 3239 mesuagii
3038 3154 3304 3241 predicti

529 3283 676 3325 cum
705 3256 1104 3345 pertinenciis
1129 3296 1142 3308 ·
1167 3256 1333 3344 ipsos
1359 3257 1404 3323 J
1405 3256 1715 3323 ohannem
1745 3256 2184 3322 Alexandrum
2224 3270 2289 3321 et
2310 3254 2703 3322 Willelmum
2735 3256 2991 3323 heredes
3020 3272 3085 3325 et
3112 3262 3302 3349 assig-

529 3378 706 3428 natos
727 3360 922 3427 libere
951 3373 1231 3426 tenentes
1252 3384 1362 3425 seu
1384 3359 1668 3425 dominos
1697 3374 1978 3425 tenentes
2006 3373 2071 3425 et
2090 3358 2390 3425 firmarios
2418 3361 2720 3448 mesuagii
2750 3361 3014 3449 predicti
3044 3389 3115 3431 ac
3142 3365 3305 3431 illud

527 3468 918 3556 mesuagium
945 3467 1025 3532 de
1054 3467 1298 3533 duobus
1326 3465 1538 3531 solidis
1567 3466 1848 3532 redditus
1874 3480 2140 3552 quatuor
2168 3466 2568 3531 solidatamm
2595 3467 3011 3554 predictarum
3042 3472 3305 3560 singulis

527 3576 703 3643 annis
735 3575 1141 3657 [durantibus
1169 3574 1634 3659 quadraqinta]
1667 3570 1843 3636 annis
1870 3570 2162 3657 proxime
2207 3572 2607 3657 sequentibus
2636 3572 2852 3638 datum
2898 3576 3301 3644 confectionis

529 3680 920 3771 presencium
969 3678 1223 3744 omnino
1270 3692 1335 3743 et
1363 3676 1638 3765 plenarie
1685 3700 1832 3764 erga
1859 3676 2129 3764 prefatos
2158 3676 2439 3742 Priorem
2485 3692 2551 3743 et
2586 3697 2965 3746 conventum
2996 3684 3301 3751 Omnium

536 3788 904 3855 Sanctorum
951 3809 1024 3851 ac
1067 3806 1444 3850 successores
1489 3807 1631 3849 suos
1674 3800 2018 3849 exonerant
2063 3798 2129 3850 et
2174 3784 2455 3871 quietum
2491 3784 2729 3851 faciunt
2777 3812 2891 3875 per
2938 3807 3252 3877 presentes
3286 3832 3297 3844 ·

537 3896 725 3963 Salvo
747 3892 1023 3983 plenarie
1036 3892 1180 3978 jure
1209 3905 1275 3958 et
1295 3891 1479 3957 titulo
1501 3890 1776 3980 ipsorum
1799 3891 2032 3957 Prioris
2061 3906 2126 3958 et
2146 3906 2487 3959 conventus
2510 3917 2581 3959 ac
2602 3917 3019 3961 successorum
3048 3922 3299 3964 suorum

529 4003 784 4092 petendi
811 4000 1086 4069 habendi
1114 4016 1179 4067 et
1204 4000 1457 4066 levandi
1486 4000 1840 4088 predictum
1867 3999 2187 4089 integrum
2230 4000 2546 4067 redditum
2593 4016 2857 4086 quatuor
2902 4004 3301 4071 solidatarum

525 4110 604 4177 de
632 4108 950 4197 mesuagio
980 4107 1262 4195 predicto
1290 4131 1434 4174 cum
1465 4106 1866 4195 pertinenciis
1894 4121 2038 4195 post
2059 4107 2251 4173 finem
2278 4105 2529 4171 termini
2559 4106 2969 4197 quadraginta
2998 4134 3300 4176 annorum

527 4215 790 4305 sing-ulis
833 4215 1010 4280 annis
1053 4215 1134 4280 ad
1161 4215 1458 4280 terminos
1486 4215 1796 4303 predictos
1825 4214 2287 4303 imperpetuum
2321 4252 2334 4265 ·
2367 4214 2607 4279 Dantes
2634 4228 2699 4281 et
2724 4215 3133 4283 concedentes
3161 4242 3299 4306 pre-

527 4322 680 4389 dicti
707 4322 752 4388 J
753 4322 1028 4387 ohannes
1056 4320 1424 4389 Alexander
1451 4338 1516 4389 et
1542 4322 1903 4390 Willelmus
1931 4346 2046 4411 pro
2090 4348 2155 4389 se
2184 4321 2517 4389 heredibus
2559 4337 2623 4388 et
2651 4322 2971 4411 assignatis
3006 4324 3133 4390 suis
3161 4350 3299 4414 pre-

535 4430 716 4499 dictis
745 4428 950 4495 Priori
978 4442 1044 4494 et
1069 4430 1407 4496 conventui
1435 4444 1501 4499 et
1527 4428 1977 4498 successoribus
2006 4430 2131 4495 suis
2162 4428 2412 4518 plenam
2440 4442 2652 4495 tenore
2682 4430 3069 4517 presencium
3097 4446 3299 4519 potes-

619 4556 802 4603 tnrsn
833 4556 1023 4601 Aaou.
1056 4554 1183 4601 soc.
1225 4558 1316 4601 10.
1883 4536 1946 4602 G
3109 4551 3299 4604 tatem
