4295 5410
1945 651 2028 723 13

591 809 900 876 dilacione
914 807 1234 896 justiciam
1263 807 1500 875 faciatis
1527 821 1592 876 et
1617 808 1988 896 permittatis
2016 806 2360 896 predictam
2389 806 2710 874 ecclesiam
2731 803 2959 872 habere
2988 829 3203 872 omnes
3230 831 3368 895 pre-

589 915 788 981 dictas
817 927 1006 982 terras
1035 928 1100 980 et
1127 913 1535 1002 possessiones
1563 926 1628 978 et
1655 937 1870 978 omnes
1895 913 2120 978 liberas
2158 925 2225 978 et
2252 913 2539 999 antiquas
2576 913 3052 980 consuetudines
3089 927 3153 980 et
3180 915 3369 980 liber-

589 1034 746 1087 tates
767 1045 906 1086 suas
939 1057 954 1074 ·
986 1021 1146 1087 sicut
1167 1019 1388 1086 melius
1417 1035 1482 1086 et
1503 1018 1748 1108 plenius
1777 1020 2042 1086 Dermot
2070 1019 2217 1085 Rex
2239 1019 2516 1107 Lagenie
2538 1019 2845 1107 predictas
2872 1033 3063 1086 terras
3090 1020 3367 1108 predicte

588 1128 845 1196 ecclesie
875 1142 1021 1196 ante
1044 1130 1384 1196 adventum
1413 1152 1624 1194 meum
1653 1128 1722 1194 in
1753 1128 2126 1195 Hiberniam
2158 1127 2417 1192 donavit
2443 1139 2509 1192 et
2534 1127 2758 1192 liberas
2794 1126 3275 1193 consuetudines
3304 1141 3371 1193 et

588 1233 904 1300 libertates
945 1233 1262 1300 concessit.
1352 1231 1646 1298 Testibus
1676 1271 1692 1285 ·
1725 1233 2073 1300 Laurencio
2105 1232 2351 1299 Dublin
2395 1231 2858 1320 archiepiscopo
2890 1270 2905 1284 ·
2937 1232 3161 1298 Edano
3190 1233 3366 1321 Lug:

589 1339 880 1428 episcopo
902 1379 916 1393 ·
937 1341 1014 1406 R.
1027 1341 1252 1407 comite
1277 1340 1496 1407 Destr:
1521 1377 1536 1393 ·
1557 1341 1644 1406 H.
1669 1341 1748 1407 (16
1767 1341 1970 1430 Lascy
1991 1380 2004 1393 ·
2025 1342 2363 1430 Radulpho
2386 1342 2465 1407 de
2477 1341 2748 1408 Warner
2768 1379 2781 1393 ·
2803 1341 3078 1407 Roberto
3096 1340 3321 1406 Poerio
3346 1377 3360 1390 ·

588 1444 914 1510 Willehno
942 1442 1307 1511 cancellario
1336 1468 1478 1510 meo
1505 1458 1570 1510 et
1595 1445 1809 1512 multis
1837 1446 1973 1512 aliis
2003 1447 2173 1535 apud
2201 1447 2465 1513 Dublin.

717 1549 849 1616 Nos
906 1564 1116 1617 autem
1166 1549 1574 1616 donacionem
1631 1535 2090 1619 concessionem
2137 1570 2203 1620 et
2252 1552 2797 1622 confirmacionem
2842 1551 3151 1640 predictas
3208 1565 3367 1617 ratas

592 1654 890 1721 habentes
918 1669 982 1720 et
1009 1667 1213 1743 gratas
1239 1692 1250 1704 ·
1277 1677 1378 1719 eas
1407 1677 1521 1740 pro
1549 1653 1728 1720 nobis
1757 1668 1822 1720 et
1848 1655 2183 1722 heredibus
2210 1656 2435 1721 nostris
2462 1669 2768 1742 quantum
2796 1654 2864 1720 in
2893 1654 3073 1721 nobis
3102 1667 3196 1720 est
3222 1677 3369 1720 con-

589 1762 868 1828 cedimus
896 1775 958 1826 et
987 1759 1424 1827 confirmamus
1456 1797 1470 1810 ·
1502 1771 1690 1846 prout
1713 1773 1884 1826 carta
1910 1759 2191 1847 predicta
2218 1758 2677 1825 racionabiliter
2704 1771 2982 1825 testatur.
3070 1758 3217 1824 Hiis
3246 1773 3367 1824 tes-

589 1867 754 1933 tibus
787 1906 800 1920 ·
821 1866 1308 1934 Venerabilibus
1336 1863 1614 1952 patribus
1643 1865 1722 1929 R.
1742 1865 2024 1930 Bathon:
2054 1881 2119 1930 et
2133 1864 2421 1931 Wellen:
2462 1903 2477 1916 ·
2503 1866 2589 1929 A.
2615 1864 2929 1929 Dunolm:
2967 1877 3033 1930 et
3060 1865 3124 1930 J.
3144 1865 3364 1930 Elient

593 1970 896 2060 episcopis
927 2009 942 2024 ·
973 1969 1298 2037 Willelmo
1342 1969 1420 2034 de
1459 1968 1765 2034 Valencia
1815 1970 2126 2036 avunculo
2171 1985 2382 2036 nostro
2414 2010 2429 2024 ·
2460 1970 2739 2038 Henrico
2779 1971 2859 2036 de
2898 1970 3102 2060 Lascy
3138 1973 3367 2039 comite

596 2075 896 2142 Lincoln:
927 2111 944 2128 ·
976 2076 1252 2142 Roberto
1274 2074 1354 2142 de
1377 2073 1643 2139 Tibotot
1667 2111 1680 2126 ·
1705 2075 1749 2138 J
1751 2073 1996 2139 ohanne
2023 2074 2102 2140 de
2131 2089 2343 2141 sancto
2364 2076 2409 2141 J
2410 2074 2655 2140 ohanne
2684 2089 2749 2141 et
2776 2075 2933 2142 aliis.
2990 2076 3229 2142 Datum
3257 2102 3370 2167 per

587 2205 846 2248 manum
874 2195 1144 2246 nostram
1175 2181 1343 2268 apud
1369 2179 1994 2247 westmonasterium
2025 2181 2492 2268 quartodecimo
2512 2182 2616 2247 die
2640 2181 2966 2248 Februarii
2996 2207 3159 2249 anno
3189 2185 3368 2272 regni

590 2288 784 2353 nostri
813 2288 1056 2354 decimo
1087 2303 1326 2354 octavo·

714 2394 848 2461 Nos
869 2410 1078 2461 autem
1095 2395 1468 2462 donaciones
1495 2396 1919 2463 concessiones
1941 2410 2006 2462 et
2025 2397 2537 2463 confirmaciones
2555 2397 2865 2485 predictas
2884 2409 3045 2463 ratas
3067 2396 3368 2464 habentes

591 2517 656 2570 et
681 2517 888 2592 gratas
919 2541 934 2556 ·
964 2525 1066 2568 eas
1095 2525 1208 2589 pro
1236 2501 1417 2568 nobis
1444 2515 1510 2568 et
1536 2501 1870 2567 heredibus
1897 2500 2123 2566 nostris
2152 2513 2458 2587 quantum
2488 2501 2556 2566 in
2586 2501 2767 2568 nobis
2795 2515 2890 2568 est
2917 2501 3161 2566 dilectis
3188 2503 3369 2569 nobis

589 2611 658 2676 in
687 2611 940 2677 Christo
968 2633 1136 2676 nunc
1153 2608 1358 2674 Priori
1387 2625 1453 2676 et
1479 2609 1794 2676 canonicis
1821 2609 1944 2676 loci
1971 2609 2239 2697 predicti
2268 2621 2335 2675 et
2362 2632 2577 2676 eorum
2599 2609 3049 2675 successoribus
3077 2609 3365 2675 concedi·

589 2740 730 2783 mus
749 2731 814 2785 et
833 2718 1268 2784 confirmamus
1299 2754 1316 2770 ·
1346 2720 1509 2783 sicut
1535 2732 1702 2784 carte
1731 2718 2009 2806 predicte
2038 2717 2499 2784 racionabiliter
2524 2730 2847 2785 testantur.
2894 2718 3040 2783 Hiis
3068 2720 3329 2785 testibus
3347 2756 3363 2770 ·

591 2821 958 2888 Venerabili
979 2820 1142 2909 patri
1167 2820 1344 2907 [W.]
1369 2821 1690 2909 Wynton:
1719 2820 2012 2910 episcopo
2039 2821 2424 2887 thesaurario
2452 2835 2663 2888 nostro
2690 2862 2703 2875 ·
2730 2823 3011 2889 Henrico
3034 2823 3363 2891 Lancastr:

593 2928 1056 3015 consanguineo
1093 2941 1301 2992 nostro
1333 2966 1348 2979 ·
1381 2928 1630 2994 Thoma
1657 2928 1738 2995 de
1761 2928 1940 2994 Bello
1969 2952 2191 3015 eampo
2224 2931 2321 3012 [et
2342 2930 2421 2994 T.
2444 2928 2557 3016 de]
2582 2929 2801 2995 Warr:
2831 2930 3162 2996 comitibus
3194 2970 3207 2982 ·
3238 2955 3367 2997 ma-

591 3032 784 3120 gistro
817 3034 936 3119 [L]
967 3033 1047 3099 de
1077 3032 1300 3099 Offord
1329 3034 1565 3101 decano
1603 3034 1860 3101 ecclesie
1896 3035 2077 3101 beate
2117 3034 2320 3101 Marie
2352 3035 2651 3101 Lincoln:
2701 3034 3068 3102 cancellario
3111 3050 3323 3100 nostro
3346 3072 3363 3087 ·

595 3136 932 3225 Radulpho
959 3138 1189 3203 barone
1212 3138 1402 3203 staff:
1433 3174 1450 3190 ·
1475 3138 1916 3204 Bartholomeo
1934 3139 2014 3205 de
2032 3138 2423 3227 Burgherssh
2446 3177 2460 3191 ·
2481 3140 2751 3206 Ricardo
2773 3142 3007 3208 Talbot
3033 3144 3367 3210 senescallo

593 3240 857 3329 hospicii
885 3242 1078 3307 nostri
1107 3256 1172 3308 et
1209 3243 1364 3309 aliis.
1455 3244 1692 3310 Datum
1721 3268 1834 3333 per
1873 3268 2130 3311 manum
2171 3260 2445 3313 nostram
2490 3248 2661 3336 apud
2689 3248 3315 3314 Westmonasterium
3349 3290 3362 3303 ·

593 3350 886 3415 vicesimo
915 3351 1180 3439 septimo
1209 3352 1312 3417 die
1329 3353 1610 3442 Augusti
1638 3377 1802 3419 anno
1829 3354 2008 3441 regni
2038 3354 2233 3419 nostri
2256 3353 2497 3443 Anglie
2526 3354 2823 3420 vicesimo
2852 3354 3123 3420 secundo
3150 3393 3163 3406 ·
3188 3356 3366 3442 regni

595 3478 740 3520 vero
767 3456 962 3521 nostri
993 3456 1256 3523 Francie
1285 3457 1376 3522 ix.

1905 3720 2042 3795 IX.

1119 3906 1414 3998 ruspare
1447 3907 1719 3980 elusum
1754 3905 2061 3981 obmutui
2095 3922 2233 3979 tum
2268 3914 2469 3977 traete
2502 3914 2839 3979 tartarum.

762 4092 1070 4159 Dwardus
1100 4093 1222 4160 Dei
1251 4092 1460 4183 gracia
1488 4093 1632 4159 Rex
1661 4093 1900 4183 Anglie
1939 4107 2004 4160 et
2032 4093 2296 4160 Francis
2324 4106 2391 4159 et
2418 4092 2707 4157 dominus
2737 4092 3045 4159 Hibernis
3075 4094 3365 4160 omnibus

804 4200 884 4266 ad
913 4223 1068 4286 quos
1095 4214 1408 4289 presentes
1436 4200 1614 4267 litere
1641 4200 2042 4289 pervenerint
2069 4199 2349 4266 salutem.
2423 4198 2823 4287 Inspeximus
2850 4199 3058 4266 literas
3086 4214 3367 4288 patentes

594 4332 744 4394 quas
773 4332 974 4396 nuper
1009 4309 1124 4375 sub
1153 4307 1360 4397 sigillo
1388 4321 1598 4374 nostro
1627 4332 1751 4395 quo
1779 4310 2017 4375 utimur
2043 4308 2112 4373 in
2141 4322 2305 4373 terra
2332 4319 2540 4373 nostra
2569 4306 2876 4373 Hibernie
2904 4308 3040 4374 fieri
3068 4307 3327 4373 fecimus
3346 4342 3363 4358 ·

593 4414 662 4479 in
689 4412 809 4479 hec
837 4413 1046 4479 verba.

3014 4518 3361 4585 Edwardus
