4295 5410
1925 625 2058 697 xlv

583 802 780 870 aultre
809 804 1163 871 exaccionis
1193 818 1256 871 et
1285 804 1708 894 imposicionis
1733 806 1926 873 misez
1957 831 2101 873 sour
2127 809 2223 875 lez
2254 808 2383 875 ditz
2412 810 2593 875 Prior
2622 822 2685 875 et
2714 822 2943 875 covent
2970 834 3129 898 pour
3157 808 3355 899 grand

572 909 854 993 jornaiez
897 923 962 975 et
989 923 1175 997 petuz
1204 924 1269 975 et
1297 911 1668 977 aulterment
1699 934 1736 975 a
1755 910 1904 996 jour
1934 912 2010 978 de
2038 913 2189 999 jour
2217 938 2295 980 en
2341 915 2537 980 aultre
2568 916 2959 981 destruccion
2988 929 3053 981 et
3081 916 3355 981 diminu-

581 1022 722 1087 cion
753 1022 832 1088 de
861 1022 1076 1087 divine
1122 1021 1356 1087 service
1387 1022 1472 1086 du
1503 1020 1652 1087 dieu
1695 1044 1884 1085 saunz
1921 1022 2084 1107 quils
2127 1036 2313 1089 sount
2354 1022 2816 1111 graciousment
2857 1022 3161 1089 remedier
3194 1022 3356 1088 Sour

582 1126 690 1213 qui
720 1127 814 1193 lez
844 1126 1172 1215 premissez
1217 1126 1570 1191 considerez
1613 1140 1680 1191 et
1716 1150 1796 1192 en
1841 1126 2309 1193 consideracion
2353 1127 2433 1193 de
2462 1126 2717 1192 avoider
2748 1126 2825 1191 de
2856 1128 3060 1215 grand
3101 1126 3361 1193 lession&

581 1234 694 1300 dez
724 1234 852 1299 ditz
883 1234 1064 1299 Prior
1090 1248 1156 1299 et
1197 1247 1424 1299 covent
1451 1234 1706 1299 ordiene
1735 1247 1830 1299 est
1857 1250 2120 1321 graunte
2152 1248 2373 1300 enacte
2404 1233 2659 1300 establie
2688 1258 2801 1322 per
2830 1232 3127 1299 auctorite
3158 1234 3355 1299 dicest

579 1357 828 1428 present
875 1340 1209 1427 parliment
1253 1361 1376 1425 que
1415 1337 1509 1403 lez
1560 1337 1689 1402 ditz
1729 1336 2016 1404 William
2061 1338 2245 1405 Prior
2293 1351 2359 1405 et
2405 1354 2633 1405 covent
2678 1353 2743 1404 et
2785 1338 2925 1402 lour
2968 1360 3355 1403 successours

579 1470 738 1533 pour
769 1460 908 1511 tout
928 1444 1104 1529 jours
1133 1465 1170 1507 a
1197 1454 1336 1507 tout
1364 1454 1429 1507 et
1457 1464 1494 1505 a
1521 1441 1793 1508 chescun
1821 1454 2028 1527 temps
2057 1453 2299 1527 quaunt
2328 1464 2517 1507 ascun
2546 1441 2823 1507 subsidie
2852 1454 2966 1505 tax
3010 1465 3094 1505 ou
3124 1439 3352 1525 tallage

579 1576 742 1619 serra
769 1565 955 1640 grant
995 1574 1108 1639 per
1136 1549 1436 1617 auctorite
1480 1549 1565 1613 du
1609 1548 1943 1636 parliment
1971 1572 2054 1613 ou
2083 1572 2296 1614 ascum
2326 1547 2560 1613 aultere
2588 1569 2837 1611 manere
2866 1568 2947 1609 ne
2976 1543 3181 1608 facent
3208 1540 3349 1628 paie

579 1657 687 1743 qui
717 1658 878 1742 xiij⁸.
907 1670 973 1723 et
1013 1656 1158 1742 iiijd.
1187 1679 1346 1744 pour
1371 1670 1516 1727 touz
1561 1679 1804 1721 maners
1846 1656 2067 1743 chargs
2109 1678 2191 1721 en
2236 1668 2379 1721 tout
2417 1670 2483 1721 et
2520 1655 2792 1720 chescun
2836 1664 3065 1718 counte
3111 1652 3349 1735 barony

578 1778 642 1827 et
669 1763 907 1851 deam-y
936 1760 1114 1827 deins
1157 1776 1286 1828 cest
1333 1774 1493 1827 terre
1529 1761 1800 1827 Dirland
1893 1762 1979 1825 Et
2006 1761 2115 1848 qui
2145 1784 2258 1849 per
2284 1783 2517 1827 mesme
2545 1758 2869 1825 lauctorite
2899 1758 2993 1822 lez
3023 1755 3151 1820 ditz
3181 1754 3351 1842 prior

577 1884 642 1935 et
669 1882 896 1936 covent
921 1883 987 1935 et
1013 1869 1152 1933 lour
1179 1890 1562 1933 successours
1601 1867 1804 1933 soient
1831 1866 2034 1953 quites
2066 1868 2094 1955 [
2582 1867 2607 1954 ]
2642 1865 2905 1951 chargez
2934 1863 3013 1929 de
3042 1876 3189 1927 touz
3216 1885 3347 1927 ma·

576 1999 717 2040 ners
744 1974 1030 2042 subsidez
1057 1987 1236 2039 taxes
1281 1974 1537 2062 tallages
1579 1988 1644 2040 et
1686 1986 1832 2039 touz
1876 1998 2163 2039 manners
2211 1972 2613 2062 imposicions
2656 1972 2856 2037 destre
2886 1994 2924 2035 a
2949 1968 3253 2057 grantiers
3296 1966 3349 2031 si

573 2080 722 2147 bien
751 2106 787 2146 a
813 2096 1018 2147 nostre
1049 2080 1332 2147 soverain
1359 2082 1419 2147 le
1446 2106 1564 2169 roy
1606 2104 1706 2148 sez
1734 2082 1908 2148 heirz
1940 2096 2005 2148 et
2047 2105 2437 2148 successourz
2466 2104 2607 2147 com
2636 2104 2673 2145 a
2700 2093 2847 2145 touz
2876 2078 3103 2143 aulters
3132 2088 3349 2141 eaunts

576 2184 710 2251 rule
739 2210 822 2250 ou
841 2210 1275 2273 govemaunce
1292 2210 1375 2251 en
1392 2185 1546 2251 icest
1574 2199 1734 2253 terre
1761 2186 2050 2273 forsprise
2081 2185 2144 2251 la
2171 2210 2340 2251 some
2370 2186 2448 2251 de
2478 2184 2636 2272 xiij³.
2666 2183 2809 2269 iiijd.
2834 2195 3068 2249 avaunt
3095 2181 3347 2246 reherce

578 2292 666 2358 Et
686 2317 797 2381 per
816 2318 1047 2359 mesme
1064 2293 1391 2361 lauctorite
1420 2317 1543 2380 que
1571 2306 1719 2359 touz
1737 2293 2028 2358 collonirs
2054 2292 2448 2381 [collectours
2467 2296 2527 2377 Ρ]
2552 2290 2817 2355 officiers
2845 2301 2910 2353 et
2936 2286 3255 2351 ministrez
3284 2298 3351 2349 et

576 2399 845 2465 chescun
854 2400 934 2466 de
955 2399 1106 2467 eulx
1124 2424 1204 2466 en
1221 2412 1362 2465 tout
1383 2412 1449 2465 et
1463 2423 1545 2464 en
1561 2398 1834 2465 chescun
1855 2414 2118 2465 councte
2135 2400 2407 2485 barrony
2416 2413 2480 2463 et
2498 2396 2732 2483 deanry
2752 2394 2973 2481 deinps
2989 2405 3166 2481 ycest
3184 2404 3347 2455 terre

575 2504 739 2569 soint
753 2503 1090 2572 clerement
1111 2504 1462 2594 discharges
1479 2530 1624 2571 sour
1637 2505 1780 2571 lour
1797 2519 2080 2594 accompt
2098 2506 2177 2571 de
2196 2521 2341 2571 touz
2372 2504 2605 2570 aultrez
2626 2501 2890 2589 chargez
2920 2522 3091 2585 quex
3112 2496 3348 2562 fuerint

575 2634 656 2675 ou
685 2611 982 2677 serroient
1005 2626 1498 2700 appurtenauntz
1527 2638 1592 2679 as
1609 2613 1739 2678 ditz
1758 2613 1927 2702 prior
1947 2628 2012 2681 et
2040 2628 2269 2680 covent
2284 2610 2637 2700 forsp[r]ise
2664 2610 2761 2674 lez
2792 2605 3149 2673 collections
3177 2628 3259 2669 en
3287 2604 3353 2667 la»

574 2713 884 2804 deanroye
925 2717 1003 2782 de
1058 2717 1323 2784 Sberdes
1372 2719 1688 2806 [Swords]
1737 2743 1908 2805 quex
1960 2731 2321 2785 receverent
2370 2719 2449 2784 de
2494 2730 2559 2782 et
2602 2741 2679 2782 en
2721 2713 3037 2802 Balldoyll
3080 2711 3257 2777 deins
3286 2711 3345 2776 le

573 2834 799 2886 counte
845 2822 933 2887 du
963 2823 1249 2911 Dyvelin
1277 2824 1338 2890 la
1381 2825 1476 2890 dit
1517 2848 1689 2891 some
1737 2826 1816 2891 de
1859 2823 2022 2912 xiij⁸.
2065 2825 2209 2910 iiijd.
2298 2824 2388 2889 Et
2439 2822 2547 2910 qui
2588 2847 2700 2911 per
2742 2844 2975 2887 mesme
3018 2815 3345 2884 lauctorite

571 2923 666 2988 lez
695 2925 824 2990 ditz
852 2927 1021 3014 prior
1048 2944 1112 2994 et
1141 2945 1366 2996 covent
1393 2945 1461 2996 et
1485 2931 1626 2996 lom·
1642 2955 2024 2998 successours
2053 2931 2255 2997 soient
2273 2930 2519 3018 quietez
2537 2945 2601 2995 et
2617 2929 2957 2994 cleremant
2984 2923 3356 3012 dischargez

571 3055 791 3098 envers
841 3033 899 3099 le
942 3035 1270 3101 souverain
1317 3039 1348 3120 [
1836 3037 1866 3126 ]
1917 3037 1976 3103 le
2026 3062 2141 3125 roy
2184 3061 2284 3102 sez
2329 3036 2493 3102 heirs
2538 3056 2921 3100 suceessours
2967 3029 3231 3096 officiers
3281 3043 3359 3093 et«

572 3139 886 3205 ministr-ez
916 3164 954 3205 a
981 3154 1126 3206 touz
1173 3155 1373 3230 temps
1419 3143 1634 3208 avenir
1677 3167 1865 3208 saunz
1909 3167 2098 3208 escun
2143 3143 2584 3231 empechment
2628 3165 2711 3206 ou
2754 3137 3039 3227 poursuit
3080 3161 3117 3202 a
3148 3137 3345 3220 ejoers

572 3265 652 3306 en
697 3267 886 3310 ascun
936 3259 1150 3311 courte
1201 3272 1282 3313 ou
1329 3263 1536 3314 courts
1587 3264 1764 3315 notre
1811 3250 1908 3314 dit
1957 3249 2301 3316 Souverain
2336 3249 2361 3337 [
2732 3253 2762 3334 ]
2800 3246 2859 3310 16
2902 3268 3018 3332 roy
3048 3267 3209 3332 pour
3250 3242 3345 3307 lez

571 3349 900 3436 premissez
942 3376 1026 3418 ou
1075 3377 1264 3420 ascun
1308 3355 1572 3442 parcelle
1615 3357 1839 3422 dicelle
1890 3357 2175 3445 forsprise
2219 3356 2269 3421 il
2310 3356 2432 3422 soit
2474 3379 2633 3444 pour
2677 3354 2773 3420 lez
2820 3352 2949 3417 ditz
2992 3350 3153 3435 xiij⁸.
3198 3347 3349 3434 iiij&

571 3468 636 3518 et
661 3478 775 3541 per
804 3480 1033 3522 mesme
1062 3457 1390 3524 lauctorite
1421 3474 1597 3525 souet
1624 3459 1795 3526 loiall
1825 3487 1862 3526 a
1889 3462 1983 3527 lez
2014 3461 2144 3527 ditz
2174 3461 2357 3527 Prior
2385 3475 2450 3526 et
2477 3473 2705 3526 covent
2732 3472 2797 3524 et
2834 3458 3103 3523 chescun
3134 3454 3214 3521 de
3244 3477 3345 3518 sez

571 3585 952 3628 successours
979 3563 1120 3630 lour
1147 3579 1422 3630 servants
1452 3581 1517 3632 et
1537 3580 1826 3634 tenaunts
1848 3593 2009 3656 pour
2035 3583 2181 3635 touz
2209 3569 2377 3635 iours
2408 3592 2445 3634 a
2487 3567 2768 3634 deforcer
2784 3581 2956 3632 toutz
2980 3580 3043 3630 et
3072 3564 3343 3630 chescun

572 3667 684 3734 dez
706 3669 1142 3755 coll[ec]tours
1161 3671 1423 3737 dascuns
1445 3672 1614 3738 tilux
1646 3675 1838 3757 [tielx
1857 3681 1918 3762 Ρ]
1951 3675 2259 3741 subsidiez
2282 3689 2461 3741 taxes
2490 3674 2747 3762 tollages
2767 3671 3099 3740 exaccions
3120 3693 3203 3735 ou
3223 3668 3342 3732 im·-

570 3773 878 3860 posicions
907 3799 988 3840 en
1015 3789 1160 3841 touz
1190 3776 1366 3842 lieux
1394 3779 1680 3867 forsprise
1708 3779 1767 3846 le
1795 3779 1926 3847 lieu
1953 3796 2018 3847 et
2045 3805 2216 3848 some
2246 3794 2514 3848 avaunta
2540 3795 2606 3846 et
2624 3804 2737 3868 per
2758 3802 2987 3844 mesme
3016 3775 3341 3840 lauetorite

572 3905 644 3969 sy
689 3905 878 3947 ascun
920 3883 1117 3950 aultre
1162 3884 1457 3952 collector
1499 3913 1582 3953 ou
1623 3888 1860 3954 officier
1888 3913 1970 3954 ou
2000 3913 2188 3956 ascun
2218 3890 2417 3956 aultre
2465 3887 2763 3953 distreina
2789 3908 2956 3950 vexa
2985 3907 3067 3949 ou
3094 3881 3341 3948 trouble

569 3987 664 4052 lez
695 3988 823 4052 ditz
853 3989 1022 4078 prior
1050 4004 1115 4057 et
1142 4007 1369 4058 covent
1399 4017 1481 4058 ou
1511 4017 1699 4059 ascun
1729 3995 1808 4060 de
1835 3995 1924 4060 les
1957 3997 1984 4083 [
2381 3995 2411 4084 ]
2448 4007 2723 4059 servants
2752 4017 2835 4057 ou
2864 4003 3152 4056 tenaunts
3181 4010 3343 4074 pour

571 4116 756 4158 ascun
798 4095 911 4160 dez
961 4097 1290 4183 premissez
1346 4123 1427 4164 en
1463 4113 1666 4188 temps
1715 4102 1929 4166 avenir
1985 4125 2163 4189 apres
2204 4125 2327 4187 que
2378 4116 2507 4167 cest
2542 4114 2642 4166 aet
2676 4123 2759 4163 ou
2799 4096 3136 4162 ordinance
3174 4116 3341 4158 serra

571 4202 916 4290 eximplifie
947 4206 1218 4272 desoubz
1247 4205 1306 4272 16
1335 4207 1484 4272 seell
1513 4207 1598 4272 du
1628 4232 1740 4296 roy
1773 4232 1895 4294 que
1924 4207 2241 4293 adonques
2263 4206 2357 4272 lez
2376 4207 2504 4272 djtz
2546 4205 2912 4272 collectours
2948 4225 3031 4266 ou
3075 4198 3337 4265 officiers

570 4321 637 4372 et
662 4307 956 4374 chescum
983 4310 1063 4374 de
1089 4310 1240 4376 eulx
1262 4310 1470 4376 facent
1496 4310 1746 4376 forfetre
1775 4312 1872 4376 ΧΠ.
1902 4311 1964 4377 la
1991 4311 2185 4376 moite
2214 4335 2291 4377 au
2322 4311 2466 4399 Roy
2494 4323 2561 4376 et
2586 4309 2807 4376 laultre
2836 4306 3029 4370 moite
3062 4303 3089 4390 [
3296 4303 3327 4392 ]

570 4413 739 4500 prior
767 4427 831 4478 et
858 4428 1086 4480 covent
1111 4437 1270 4500 pour
1308 4413 1368 4479 le
1395 4426 1597 4502 temps
1625 4425 1864 4480 esteant
1891 4426 1958 4479 et
1984 4437 2108 4500 que
2135 4411 2231 4478 lez
2262 4412 2390 4478 ditz
2419 4412 2588 4502 prior
2624 4423 2691 4478 et
2718 4421 2947 4476 covent
2970 4420 3035 4473 et
3062 4407 3335 4472 chescun

3256 4510 3335 4575 de
