<?xml version="1.0" encoding="UTF-8"?>
<!DOCTYPE html PUBLIC "-//W3C//DTD XHTML 1.0 Transitional//EN"
    "http://www.w3.org/TR/xhtml1/DTD/xhtml1-transitional.dtd">
<html xmlns="http://www.w3.org/1999/xhtml" xml:lang="en" lang="en">
 <head>
  <title>
</title>
<meta http-equiv="Content-Type" content="text/html;charset=utf-8" />
  <meta name='ocr-system' content='tesseract 3.04.00' />
  <meta name='ocr-capabilities' content='ocr_page ocr_carea ocr_par ocr_line ocrx_word'/>
</head>
<body>
  <div class='ocr_page' id='page_1' title='image "./registrumpriora00butlgoog_0157.png"; bbox 0 0 4295 5410; ppageno 0'>
   <div class='ocr_carea' id='block_1_1' title="bbox 1943 640 2033 715">
    <p class='ocr_par' dir='ltr' id='par_1_1' title="bbox 1943 640 2033 715">
     <span class='ocr_line' id='line_1_1' title="bbox 1943 640 2033 715; baseline 0 0"><span class='ocrx_word' id='word_1_1' title='bbox 1943 640 2033 715; x_wconf 89' lang='grc'><strong>75</strong></span> 
     </span>
    </p>
   </div>
   <div class='ocr_carea' id='block_1_2' title="bbox 595 797 3373 1835">
    <p class='ocr_par' dir='ltr' id='par_1_2' title="bbox 595 797 3373 1835">
     <span class='ocr_line' id='line_1_2' title="bbox 597 797 3367 885; baseline -0.001 -21"><span class='ocrx_word' id='word_1_2' title='bbox 597 799 752 865; x_wconf 88' lang='lat' dir='ltr'><strong>Esse</strong></span> <span class='ocrx_word' id='word_1_3' title='bbox 789 823 934 866; x_wconf 90' lang='lat' dir='ltr'><strong>cum</strong></span> <span class='ocrx_word' id='word_1_4' title='bbox 963 800 1159 866; x_wconf 89' lang='lat' dir='ltr'><strong>fundo</strong></span> <span class='ocrx_word' id='word_1_5' title='bbox 1189 801 1354 868; x_wconf 86' lang='lat' dir='ltr'><strong>dicte</strong></span> <span class='ocrx_word' id='word_1_6' title='bbox 1381 800 1684 869; x_wconf 87' lang='lat' dir='ltr'><strong>Guinilde</strong></span> <span class='ocrx_word' id='word_1_7' title='bbox 1721 815 1786 867; x_wconf 89' lang='lat' dir='ltr'><strong>et</strong></span> <span class='ocrx_word' id='word_1_8' title='bbox 1812 800 2115 869; x_wconf 85' lang='lat' dir='ltr'><strong>heredum</strong></span> <span class='ocrx_word' id='word_1_9' title='bbox 2143 822 2413 865; x_wconf 88' lang='lat' dir='ltr'><strong>suorum.</strong></span> <span class='ocrx_word' id='word_1_10' title='bbox 2501 799 2601 865; x_wconf 88' lang='lat' dir='ltr'><strong>Ita</strong></span> <span class='ocrx_word' id='word_1_11' title='bbox 2628 797 2798 885; x_wconf 91' lang='lat' dir='ltr'><strong>quod</strong></span> <span class='ocrx_word' id='word_1_12' title='bbox 2825 798 3057 865; x_wconf 87' lang='lat' dir='ltr'><strong>fundus</strong></span> <span class='ocrx_word' id='word_1_13' title='bbox 3090 797 3367 885; x_wconf 88' lang='lat' dir='ltr'><strong>ipsorum</strong></span> 
     </span>
     <span class='ocr_line' id='line_1_3' title="bbox 595 901 3365 997; baseline -0.003 -24"><span class='ocrx_word' id='word_1_14' title='bbox 595 930 740 993; x_wconf 87' lang='lat' dir='ltr'><strong>cum</strong></span> <span class='ocrx_word' id='word_1_15' title='bbox 770 908 1074 996; x_wconf 82' lang='lat' dir='ltr'><strong>burgagio</strong></span> <span class='ocrx_word' id='word_1_16' title='bbox 1104 922 1168 974; x_wconf 87' lang='lat' dir='ltr'><strong>et</strong></span> <span class='ocrx_word' id='word_1_17' title='bbox 1188 923 1349 975; x_wconf 86' lang='lat' dir='ltr'><strong>terra</strong></span> <span class='ocrx_word' id='word_1_18' title='bbox 1376 908 1444 973; x_wconf 91' lang='lat' dir='ltr'><strong>in</strong></span> <span class='ocrx_word' id='word_1_19' title='bbox 1471 932 1692 997; x_wconf 89' lang='lat' dir='ltr'><strong>campo</strong></span> <span class='ocrx_word' id='word_1_20' title='bbox 1721 932 1863 975; x_wconf 89' lang='lat' dir='ltr'><strong>meo</strong></span> <span class='ocrx_word' id='word_1_21' title='bbox 1881 908 1959 973; x_wconf 93' lang='lat' dir='ltr'><strong>de</strong></span> <span class='ocrx_word' id='word_1_22' title='bbox 1985 908 2205 996; x_wconf 84' lang='lat' dir='ltr'><strong>Typer</strong></span> <span class='ocrx_word' id='word_1_23' title='bbox 2232 906 2511 973; x_wconf 90' lang='lat' dir='ltr'><strong>continet</strong></span> <span class='ocrx_word' id='word_1_24' title='bbox 2539 919 2805 992; x_wconf 88' lang='lat' dir='ltr'><strong>quatuor</strong></span> <span class='ocrx_word' id='word_1_25' title='bbox 2833 928 3001 970; x_wconf 88' lang='lat' dir='ltr'><strong>acras</strong></span> <span class='ocrx_word' id='word_1_26' title='bbox 3030 903 3109 969; x_wconf 87' lang='lat' dir='ltr'><strong>de</strong></span> <span class='ocrx_word' id='word_1_27' title='bbox 3139 901 3365 989; x_wconf 90' lang='lat' dir='ltr'><strong>quibus</strong></span> 
     </span>
     <span class='ocr_line' id='line_1_4' title="bbox 595 1008 3367 1103; baseline -0.002 -25"><span class='ocrx_word' id='word_1_28' title='bbox 595 1014 971 1102; x_wconf 79' lang='lat' dir='ltr'><strong>provenient</strong></span> <span class='ocrx_word' id='word_1_29' title='bbox 981 1015 1116 1100; x_wconf 90' lang='lat' dir='ltr'><strong>jam</strong></span> <span class='ocrx_word' id='word_1_30' title='bbox 1146 1014 1300 1080; x_wconf 88' lang='lat' dir='ltr'><strong>dicti</strong></span> <span class='ocrx_word' id='word_1_31' title='bbox 1324 1028 1590 1101; x_wconf 89' lang='lat' dir='ltr'><strong>quatuor</strong></span> <span class='ocrx_word' id='word_1_32' title='bbox 1617 1014 1798 1080; x_wconf 89' lang='lat' dir='ltr'><strong>solidi</strong></span> <span class='ocrx_word' id='word_1_33' title='bbox 1827 1013 2215 1103; x_wconf 81' lang='lat' dir='ltr'><strong>percipiendi</strong></span> <span class='ocrx_word' id='word_1_34' title='bbox 2246 1037 2283 1077; x_wconf 91' lang='lat' dir='ltr'><strong>a</strong></span> <span class='ocrx_word' id='word_1_35' title='bbox 2310 1011 2591 1100; x_wconf 86' lang='lat' dir='ltr'><strong>predicta</strong></span> <span class='ocrx_word' id='word_1_36' title='bbox 2612 1010 2917 1077; x_wconf 87' lang='lat' dir='ltr'><strong>Guinilda</strong></span> <span class='ocrx_word' id='word_1_37' title='bbox 2944 1024 3008 1077; x_wconf 86' lang='lat' dir='ltr'><strong>et</strong></span> <span class='ocrx_word' id='word_1_38' title='bbox 3034 1008 3367 1075; x_wconf 81' lang='lat' dir='ltr'><strong>heredibus</strong></span> 
     </span>
     <span class='ocr_line' id='line_1_5' title="bbox 599 1115 3369 1187; baseline -0.001 -3"><span class='ocrx_word' id='word_1_39' title='bbox 599 1118 680 1184; x_wconf 88' lang='lat' dir='ltr'><strong>ad</strong></span> <span class='ocrx_word' id='word_1_40' title='bbox 709 1119 866 1183; x_wconf 91' lang='lat' dir='ltr'><strong>duos</strong></span> <span class='ocrx_word' id='word_1_41' title='bbox 894 1119 1188 1184; x_wconf 86' lang='lat' dir='ltr'><strong>terminos</strong></span> <span class='ocrx_word' id='word_1_42' title='bbox 1217 1118 1365 1183; x_wconf 85' lang='lat' dir='ltr'><strong>anni</strong></span> <span class='ocrx_word' id='word_1_43' title='bbox 1399 1156 1412 1169; x_wconf 92' lang='lat'>·</span> <span class='ocrx_word' id='word_1_44' title='bbox 1443 1118 1681 1184; x_wconf 85' lang='lat' dir='ltr'><strong>scilicet</strong></span> <span class='ocrx_word' id='word_1_45' title='bbox 1709 1118 2106 1187; x_wconf 84' lang='lat' dir='ltr'><strong>medietatem</strong></span> <span class='ocrx_word' id='word_1_46' title='bbox 2153 1117 2234 1183; x_wconf 81' lang='lat' dir='ltr'><strong>ad</strong></span> <span class='ocrx_word' id='word_1_47' title='bbox 2263 1118 2457 1182; x_wconf 87' lang='lat' dir='ltr'><strong>Pasca</strong></span> <span class='ocrx_word' id='word_1_48' title='bbox 2496 1128 2561 1181; x_wconf 91' lang='lat' dir='ltr'><strong>et</strong></span> <span class='ocrx_word' id='word_1_49' title='bbox 2598 1115 2995 1182; x_wconf 85' lang='lat' dir='ltr'><strong>medietatem</strong></span> <span class='ocrx_word' id='word_1_50' title='bbox 3034 1116 3114 1181; x_wconf 87' lang='lat' dir='ltr'><strong>ad</strong></span> <span class='ocrx_word' id='word_1_51' title='bbox 3142 1116 3369 1181; x_wconf 80' lang='lat' dir='ltr'><strong>festum</strong></span> 
     </span>
     <span class='ocr_line' id='line_1_6' title="bbox 603 1222 3369 1312; baseline -0.003 -19"><span class='ocrx_word' id='word_1_52' title='bbox 603 1226 817 1293; x_wconf 78' lang='lat' dir='ltr'><strong>Sancti</strong></span> <span class='ocrx_word' id='word_1_53' title='bbox 848 1227 1177 1293; x_wconf 80' lang='lat' dir='ltr'><strong>Michaelis</strong></span> <span class='ocrx_word' id='word_1_54' title='bbox 1209 1265 1222 1279; x_wconf 94' lang='lat'><strong>·</strong></span> <span class='ocrx_word' id='word_1_55' title='bbox 1255 1227 1574 1293; x_wconf 86' lang='lat' dir='ltr'><strong>Prefatum</strong></span> <span class='ocrx_word' id='word_1_56' title='bbox 1625 1226 1942 1293; x_wconf 85' lang='lat' dir='ltr'><strong>redditum</strong></span> <span class='ocrx_word' id='word_1_57' title='bbox 1985 1239 2251 1312; x_wconf 85' lang='lat' dir='ltr'><strong>quatuor</strong></span> <span class='ocrx_word' id='word_1_58' title='bbox 2299 1224 2640 1291; x_wconf 89' lang='lat' dir='ltr'><strong>solidorum</strong></span> <span class='ocrx_word' id='word_1_59' title='bbox 2690 1223 2923 1289; x_wconf 89' lang='lat' dir='ltr'><strong>eisdem</strong></span> <span class='ocrx_word' id='word_1_60' title='bbox 2961 1222 3273 1289; x_wconf 87' lang='lat' dir='ltr'><strong>canonicis</strong></span> <span class='ocrx_word' id='word_1_61' title='bbox 3301 1222 3369 1286; x_wconf 90' lang='lat' dir='ltr'><strong>in</strong></span> 
     </span>
     <span class='ocr_line' id='line_1_7' title="bbox 601 1329 3370 1424; baseline -0.003 -24"><span class='ocrx_word' id='word_1_62' title='bbox 601 1359 821 1422; x_wconf 86' lang='lat' dir='ltr'><strong>puram</strong></span> <span class='ocrx_word' id='word_1_63' title='bbox 851 1350 914 1402; x_wconf 92' lang='lat' dir='ltr'><strong>et</strong></span> <span class='ocrx_word' id='word_1_64' title='bbox 942 1349 1306 1424; x_wconf 89' lang='lat' dir='ltr'><strong>perpetuam</strong></span> <span class='ocrx_word' id='word_1_65' title='bbox 1333 1335 1732 1402; x_wconf 82' lang='lat' dir='ltr'><strong>elemosinam</strong></span> <span class='ocrx_word' id='word_1_66' title='bbox 1761 1335 2004 1423; x_wconf 88' lang='lat' dir='ltr'><strong>assigno</strong></span> <span class='ocrx_word' id='word_1_67' title='bbox 2033 1335 2102 1399; x_wconf 85' lang='lat' dir='ltr'><strong>in</strong></span> <span class='ocrx_word' id='word_1_68' title='bbox 2123 1348 2497 1422; x_wconf 88' lang='lat' dir='ltr'><strong>perpetuum</strong></span> <span class='ocrx_word' id='word_1_69' title='bbox 2524 1333 2918 1398; x_wconf 83' lang='lat' dir='ltr'><strong>-babendum</strong></span> <span class='ocrx_word' id='word_1_70' title='bbox 2940 1343 3004 1397; x_wconf 85' lang='lat' dir='ltr'><strong>et</strong></span> <span class='ocrx_word' id='word_1_71' title='bbox 3030 1329 3370 1397; x_wconf 84' lang='lat' dir='ltr'><strong>tenendum</strong></span> 
     </span>
     <span class='ocr_line' id='line_1_8' title="bbox 603 1434 3373 1530; baseline -0.003 -23"><span class='ocrx_word' id='word_1_72' title='bbox 603 1442 756 1508; x_wconf 88' lang='lat' dir='ltr'><strong>adeo</strong></span> <span class='ocrx_word' id='word_1_73' title='bbox 786 1443 978 1510; x_wconf 87' lang='lat' dir='ltr'><strong>libere</strong></span> <span class='ocrx_word' id='word_1_74' title='bbox 1009 1457 1082 1509; x_wconf 93' lang='lat' dir='ltr'><strong>ut</strong></span> <span class='ocrx_word' id='word_1_75' title='bbox 1117 1444 1313 1511; x_wconf 89' lang='lat' dir='ltr'><strong>libera</strong></span> <span class='ocrx_word' id='word_1_76' title='bbox 1341 1444 1677 1510; x_wconf 87' lang='lat' dir='ltr'><strong>elemosina</strong></span> <span class='ocrx_word' id='word_1_77' title='bbox 1704 1443 1960 1510; x_wconf 87' lang='lat' dir='ltr'><strong>liberius</strong></span> <span class='ocrx_word' id='word_1_78' title='bbox 1989 1456 2054 1509; x_wconf 90' lang='lat' dir='ltr'><strong>et</strong></span> <span class='ocrx_word' id='word_1_79' title='bbox 2080 1441 2325 1530; x_wconf 84' lang='lat' dir='ltr'><strong>plenius</strong></span> <span class='ocrx_word' id='word_1_80' title='bbox 2364 1442 2516 1505; x_wconf 86' lang='lat' dir='ltr'><strong>viris</strong></span> <span class='ocrx_word' id='word_1_81' title='bbox 2558 1438 2862 1505; x_wconf 80' lang='lat' dir='ltr'><strong>catholice</strong></span> <span class='ocrx_word' id='word_1_82' title='bbox 2890 1434 3209 1525; x_wconf 79' lang='lat' dir='ltr'><strong>religionis</strong></span> <span class='ocrx_word' id='word_1_83' title='bbox 3237 1434 3373 1500; x_wconf 87' lang='lat' dir='ltr'><strong>dari</strong></span> 
     </span>
     <span class='ocr_line' id='line_1_9' title="bbox 603 1542 3373 1639; baseline -0.003 -26"><span class='ocrx_word' id='word_1_84' title='bbox 603 1550 812 1635; x_wconf 83' lang='lat' dir='ltr'><strong>possit.</strong></span> <span class='ocrx_word' id='word_1_85' title='bbox 900 1552 989 1615; x_wconf 88' lang='lat' dir='ltr'><strong>Et</strong></span> <span class='ocrx_word' id='word_1_86' title='bbox 1015 1576 1134 1639; x_wconf 90' lang='lat' dir='ltr'><strong>ego</strong></span> <span class='ocrx_word' id='word_1_87' title='bbox 1156 1552 1200 1617; x_wconf 87' lang='lat' dir='ltr'><strong>J</strong></span> <span class='ocrx_word' id='word_1_88' title='bbox 1201 1552 1474 1619; x_wconf 89' lang='lat' dir='ltr'><strong>ohannes</strong></span> <span class='ocrx_word' id='word_1_89' title='bbox 1503 1564 1567 1617; x_wconf 91' lang='lat' dir='ltr'><strong>et</strong></span> <span class='ocrx_word' id='word_1_90' title='bbox 1593 1551 1852 1617; x_wconf 88' lang='lat' dir='ltr'><strong>heredes</strong></span> <span class='ocrx_word' id='word_1_91' title='bbox 1881 1551 2004 1617; x_wconf 89' lang='lat' dir='ltr'><strong>mei</strong></span> <span class='ocrx_word' id='word_1_92' title='bbox 2033 1562 2175 1639; x_wconf 91' lang='lat' dir='ltr'><strong>post</strong></span> <span class='ocrx_word' id='word_1_93' title='bbox 2202 1574 2304 1615; x_wconf 91' lang='lat' dir='ltr'><strong>me</strong></span> <span class='ocrx_word' id='word_1_94' title='bbox 2332 1549 2647 1615; x_wconf 89' lang='lat' dir='ltr'><strong>redditum</strong></span> <span class='ocrx_word' id='word_1_95' title='bbox 2678 1545 3178 1634; x_wconf 86' lang='lat' dir='ltr'><strong>prenominatum</strong></span> <span class='ocrx_word' id='word_1_96' title='bbox 3207 1542 3373 1607; x_wconf 82' lang='lat' dir='ltr'><strong>dicte</strong></span> 
     </span>
     <span class='ocr_line' id='line_1_10' title="bbox 606 1647 3373 1726; baseline -0.003 -5"><span class='ocrx_word' id='word_1_97' title='bbox 606 1656 826 1722; x_wconf 89' lang='lat' dir='ltr'><strong>domus</strong></span> <span class='ocrx_word' id='word_1_98' title='bbox 854 1660 1165 1724; x_wconf 89' lang='lat' dir='ltr'><strong>canonicis</strong></span> <span class='ocrx_word' id='word_1_99' title='bbox 1194 1674 1409 1726; x_wconf 89' lang='lat' dir='ltr'><strong>contra</strong></span> <span class='ocrx_word' id='word_1_100' title='bbox 1437 1683 1648 1726; x_wconf 86' lang='lat' dir='ltr'><strong>omnes</strong></span> <span class='ocrx_word' id='word_1_101' title='bbox 1677 1658 1959 1725; x_wconf 89' lang='lat' dir='ltr'><strong>homines</strong></span> <span class='ocrx_word' id='word_1_102' title='bbox 1997 1658 2536 1723; x_wconf 83' lang='lat' dir='ltr'><strong>warentizabimus</strong></span> <span class='ocrx_word' id='word_1_103' title='bbox 2564 1667 2629 1720; x_wconf 88' lang='lat' dir='ltr'><strong>et</strong></span> <span class='ocrx_word' id='word_1_104' title='bbox 2656 1654 2724 1718; x_wconf 91' lang='lat' dir='ltr'><strong>in</strong></span> <span class='ocrx_word' id='word_1_105' title='bbox 2762 1652 3050 1717; x_wconf 86' lang='lat' dir='ltr'><strong>omnibus</strong></span> <span class='ocrx_word' id='word_1_106' title='bbox 3079 1647 3373 1715; x_wconf 87' lang='lat' dir='ltr'><strong>defende-</strong></span> 
     </span>
     <span class='ocr_line' id='line_1_11' title="bbox 605 1755 3373 1835; baseline -0.003 -7"><span class='ocrx_word' id='word_1_107' title='bbox 605 1786 743 1829; x_wconf 84' lang='lat' dir='ltr'><strong>mus</strong></span> <span class='ocrx_word' id='word_1_108' title='bbox 772 1764 954 1829; x_wconf 89' lang='lat' dir='ltr'><strong>sicuti</strong></span> <span class='ocrx_word' id='word_1_109' title='bbox 985 1764 1164 1830; x_wconf 88' lang='lat' dir='ltr'><strong>decet</strong></span> <span class='ocrx_word' id='word_1_110' title='bbox 1200 1765 1461 1831; x_wconf 83' lang='lat' dir='ltr'><strong>liberam</strong></span> <span class='ocrx_word' id='word_1_111' title='bbox 1490 1765 1908 1835; x_wconf 82' lang='lat' dir='ltr'><strong>elemosinam.</strong></span> <span class='ocrx_word' id='word_1_112' title='bbox 1997 1765 2089 1831; x_wconf 91' lang='lat' dir='ltr'><strong>Ut</strong></span> <span class='ocrx_word' id='word_1_113' title='bbox 2117 1778 2326 1830; x_wconf 89' lang='lat' dir='ltr'><strong>autem</strong></span> <span class='ocrx_word' id='word_1_114' title='bbox 2355 1763 2473 1828; x_wconf 90' lang='lat' dir='ltr'><strong>hec</strong></span> <span class='ocrx_word' id='word_1_115' title='bbox 2501 1785 2641 1826; x_wconf 90' lang='lat' dir='ltr'><strong>mea</strong></span> <span class='ocrx_word' id='word_1_116' title='bbox 2669 1758 2931 1825; x_wconf 85' lang='lat' dir='ltr'><strong>donacio</strong></span> <span class='ocrx_word' id='word_1_117' title='bbox 2968 1755 3280 1824; x_wconf 87' lang='lat' dir='ltr'><strong>concessio</strong></span> <span class='ocrx_word' id='word_1_118' title='bbox 3309 1766 3373 1820; x_wconf 89' lang='lat' dir='ltr'><strong>et</strong></span> 
     </span>
    </p>
   </div>
   <div class='ocr_carea' id='block_1_3' title="bbox 604 1864 3378 2167">
    <p class='ocr_par' dir='ltr' id='par_1_3' title="bbox 604 1864 3378 2167">
     <span class='ocr_line' id='line_1_12' title="bbox 605 1864 3374 1961; baseline -0.002 -28"><span class='ocrx_word' id='word_1_119' title='bbox 605 1868 998 1936; x_wconf 87' lang='lat' dir='ltr'><strong>confirmacio</strong></span> <span class='ocrx_word' id='word_1_120' title='bbox 1026 1871 1095 1935; x_wconf 91' lang='lat' dir='ltr'><strong>in</strong></span> <span class='ocrx_word' id='word_1_121' title='bbox 1123 1872 1578 1959; x_wconf 83' lang='lat' dir='ltr'><strong>presenciarum</strong></span> <span class='ocrx_word' id='word_1_122' title='bbox 1606 1887 1738 1941; x_wconf 86' lang='lat' dir='ltr'><strong>rata</strong></span> <span class='ocrx_word' id='word_1_123' title='bbox 1766 1885 2169 1961; x_wconf 88' lang='lat' dir='ltr'><strong>permaneant</strong></span> <span class='ocrx_word' id='word_1_124' title='bbox 2189 1872 2341 1938; x_wconf 90' lang='lat' dir='ltr'><strong>etin</strong></span> <span class='ocrx_word' id='word_1_125' title='bbox 2370 1883 2685 1958; x_wconf 89' lang='lat' dir='ltr'><strong>posterum</strong></span> <span class='ocrx_word' id='word_1_126' title='bbox 2712 1868 3077 1932; x_wconf 89' lang='lat' dir='ltr'><strong>inconcussa</strong></span> <span class='ocrx_word' id='word_1_127' title='bbox 3102 1864 3374 1929; x_wconf 88' lang='lat' dir='ltr'><strong>habean-</strong></span> 
     </span>
     <span class='ocr_line' id='line_1_13' title="bbox 604 1969 3377 2063; baseline -0.001 -27"><span class='ocrx_word' id='word_1_128' title='bbox 604 1984 708 2036; x_wconf 85' lang='lat' dir='ltr'><strong>tur</strong></span> <span class='ocrx_word' id='word_1_129' title='bbox 735 1974 1006 2059; x_wconf 85' lang='lat' dir='ltr'><strong>presenti</strong></span> <span class='ocrx_word' id='word_1_130' title='bbox 1035 1974 1264 2061; x_wconf 89' lang='lat' dir='ltr'><strong>scripto</strong></span> <span class='ocrx_word' id='word_1_131' title='bbox 1293 1974 1568 2062; x_wconf 88' lang='lat' dir='ltr'><strong>sigillum</strong></span> <span class='ocrx_word' id='word_1_132' title='bbox 1599 1999 1806 2041; x_wconf 87' lang='lat' dir='ltr'><strong>meum</strong></span> <span class='ocrx_word' id='word_1_133' title='bbox 1836 1974 1954 2041; x_wconf 91' lang='lat' dir='ltr'><strong>feci</strong></span> <span class='ocrx_word' id='word_1_134' title='bbox 1987 1974 2235 2063; x_wconf 90' lang='lat' dir='ltr'><strong>apponi.</strong></span> <span class='ocrx_word' id='word_1_135' title='bbox 2324 1973 2471 2039; x_wconf 89' lang='lat' dir='ltr'><strong>Hiis</strong></span> <span class='ocrx_word' id='word_1_136' title='bbox 2498 1972 2758 2039; x_wconf 86' lang='lat' dir='ltr'><strong>testibus</strong></span> <span class='ocrx_word' id='word_1_137' title='bbox 2780 2010 2792 2021; x_wconf 95' lang='lat'>·</span> <span class='ocrx_word' id='word_1_138' title='bbox 2813 1970 3067 2035; x_wconf 87' lang='lat' dir='ltr'><strong>domino</strong></span> <span class='ocrx_word' id='word_1_139' title='bbox 3089 1970 3132 2034; x_wconf 84' lang='lat' dir='ltr'>J</span> <span class='ocrx_word' id='word_1_140' title='bbox 3134 1969 3377 2034; x_wconf 87' lang='lat' dir='ltr'><strong>ohanne</strong></span> 
     </span>
     <span class='ocr_line' id='line_1_14' title="bbox 608 2073 3378 2167; baseline -0.001 -26"><span class='ocrx_word' id='word_1_141' title='bbox 608 2077 740 2142; x_wconf 88' lang='lat' dir='ltr'><strong>filio</strong></span> <span class='ocrx_word' id='word_1_142' title='bbox 771 2078 1025 2143; x_wconf 88' lang='lat' dir='ltr'><strong>Ricardi</strong></span> <span class='ocrx_word' id='word_1_143' title='bbox 1058 2118 1071 2131; x_wconf 92' lang='lat'><strong>·</strong></span> <span class='ocrx_word' id='word_1_144' title='bbox 1097 2079 1421 2145; x_wconf 89' lang='lat' dir='ltr'><strong>Willelmo</strong></span> <span class='ocrx_word' id='word_1_145' title='bbox 1460 2104 1721 2167; x_wconf 89' lang='lat' dir='ltr'><strong>parsona</strong></span> <span class='ocrx_word' id='word_1_146' title='bbox 1760 2081 1839 2147; x_wconf 91' lang='lat' dir='ltr'><strong>de</strong></span> <span class='ocrx_word' id='word_1_147' title='bbox 1870 2081 2149 2146; x_wconf 86' lang='lat' dir='ltr'><strong>Fornath</strong></span> <span class='ocrx_word' id='word_1_148' title='bbox 2183 2120 2196 2132; x_wconf 91' lang='lat'><strong>·</strong></span> <span class='ocrx_word' id='word_1_149' title='bbox 2230 2080 2510 2145; x_wconf 88' lang='lat' dir='ltr'><strong>Henrico</strong></span> <span class='ocrx_word' id='word_1_150' title='bbox 2548 2078 2678 2141; x_wconf 89' lang='lat' dir='ltr'><strong>filio</strong></span> <span class='ocrx_word' id='word_1_151' title='bbox 2715 2075 2903 2141; x_wconf 86' lang='lat' dir='ltr'><strong>Helie</strong></span> <span class='ocrx_word' id='word_1_152' title='bbox 2937 2113 2951 2126; x_wconf 93' lang='lat'><strong>·</strong></span> <span class='ocrx_word' id='word_1_153' title='bbox 2984 2074 3261 2139; x_wconf 89' lang='lat' dir='ltr'><strong>Henrico</strong></span> <span class='ocrx_word' id='word_1_154' title='bbox 3300 2073 3378 2140; x_wconf 91' lang='lat' dir='ltr'><strong>de</strong></span> 
     </span>
    </p>
   </div>
   <div class='ocr_carea' id='block_1_4' title="bbox 608 2183 2991 2277">
    <p class='ocr_par' dir='ltr' id='par_1_4' title="bbox 608 2183 2991 2277">
     <span class='ocr_line' id='line_1_15' title="bbox 608 2183 2991 2277; baseline 0 -29"><span class='ocrx_word' id='word_1_155' title='bbox 608 2183 868 2249; x_wconf 88' lang='lat' dir='ltr'><strong>Bacoun</strong></span> <span class='ocrx_word' id='word_1_156' title='bbox 899 2222 913 2236; x_wconf 93' lang='lat'><strong>·</strong></span> <span class='ocrx_word' id='word_1_157' title='bbox 947 2185 1194 2251; x_wconf 89' lang='lat' dir='ltr'><strong>Thoma</strong></span> <span class='ocrx_word' id='word_1_158' title='bbox 1224 2186 1301 2252; x_wconf 87' lang='lat' dir='ltr'><strong>de</strong></span> <span class='ocrx_word' id='word_1_159' title='bbox 1333 2186 1618 2277; x_wconf 86' lang='lat' dir='ltr'><strong>Kenefeg</strong></span> <span class='ocrx_word' id='word_1_160' title='bbox 1648 2188 1935 2254; x_wconf 89' lang='lat' dir='ltr'><strong>Cradoch</strong></span> <span class='ocrx_word' id='word_1_161' title='bbox 1968 2228 1981 2241; x_wconf 91' lang='lat'><strong>·</strong></span> <span class='ocrx_word' id='word_1_162' title='bbox 2014 2189 2291 2255; x_wconf 88' lang='lat' dir='ltr'><strong>Roberto</strong></span> <span class='ocrx_word' id='word_1_163' title='bbox 2322 2188 2400 2254; x_wconf 88' lang='lat' dir='ltr'><strong>de</strong></span> <span class='ocrx_word' id='word_1_164' title='bbox 2429 2187 2716 2253; x_wconf 87' lang='lat' dir='ltr'><strong>Wardun</strong></span> <span class='ocrx_word' id='word_1_165' title='bbox 2746 2198 2811 2252; x_wconf 91' lang='lat' dir='ltr'><strong>et</strong></span> <span class='ocrx_word' id='word_1_166' title='bbox 2839 2185 2991 2251; x_wconf 84' lang='lat' dir='ltr'><strong>aliis.</strong></span> 
     </span>
    </p>
   </div>
   <div class='ocr_carea' id='block_1_5' title="bbox 1317 2558 2667 2835">
    <p class='ocr_par' dir='ltr' id='par_1_5' title="bbox 1317 2558 2667 2835">
     <span class='ocr_line' id='line_1_16' title="bbox 1790 2558 2196 2631; baseline -0.002 -1"><span class='ocrx_word' id='word_1_167' title='bbox 1790 2558 2196 2631; x_wconf 87' lang='lat' dir='ltr'>LXXXV.</span> 
     </span>
     <span class='ocr_line' id='line_1_17' title="bbox 1317 2743 2667 2835; baseline 0.001 -17"><span class='ocrx_word' id='word_1_168' title='bbox 1317 2744 1431 2818; x_wconf 63' lang='lat' dir='ltr'><strong>me</strong></span> <span class='ocrx_word' id='word_1_169' title='bbox 1464 2745 1696 2818; x_wconf 64' lang='lat' dir='ltr'><strong>munim</strong></span> <span class='ocrx_word' id='word_1_170' title='bbox 1733 2748 1900 2835; x_wconf 66' lang='lat' dir='ltr'><strong>apuu</strong></span> <span class='ocrx_word' id='word_1_171' title='bbox 1932 2743 2259 2832; x_wconf 51' lang='lat' dir='ltr'><strong>&amp;almus</strong></span> <span class='ocrx_word' id='word_1_172' title='bbox 2296 2745 2362 2818; x_wconf 80' lang='grc' dir='ltr'><strong>ίιι</strong></span> <span class='ocrx_word' id='word_1_173' title='bbox 2394 2746 2667 2832; x_wconf 58' lang='lat' dir='ltr'><strong>smmis.</strong></span> 
     </span>
    </p>
   </div>
   <div class='ocr_carea' id='block_1_6' title="bbox 613 2931 3387 3546">
    <p class='ocr_par' dir='ltr' id='par_1_6' title="bbox 613 2931 3387 3546">
     <span class='ocr_line' id='line_1_18' title="bbox 747 2931 3383 3022; baseline 0 -24"><span class='ocrx_word' id='word_1_174' title='bbox 747 2931 938 2998; x_wconf 89' lang='lat' dir='ltr'><strong>Ciant</strong></span> <span class='ocrx_word' id='word_1_175' title='bbox 978 2945 1290 3019; x_wconf 83' lang='lat' dir='ltr'><strong>presentes</strong></span> <span class='ocrx_word' id='word_1_176' title='bbox 1335 2943 1399 2997; x_wconf 89' lang='lat' dir='ltr'><strong>et</strong></span> <span class='ocrx_word' id='word_1_177' title='bbox 1433 2932 1630 2997; x_wconf 83' lang='lat' dir='ltr'><strong>futuri</strong></span> <span class='ocrx_word' id='word_1_178' title='bbox 1658 2933 1829 3019; x_wconf 91' lang='lat' dir='ltr'><strong>quod</strong></span> <span class='ocrx_word' id='word_1_179' title='bbox 1865 2957 1983 3021; x_wconf 89' lang='lat' dir='ltr'><strong>ego</strong></span> <span class='ocrx_word' id='word_1_180' title='bbox 2011 2933 2055 2998; x_wconf 83' lang='lat' dir='ltr'><strong>J</strong></span> <span class='ocrx_word' id='word_1_181' title='bbox 2056 2933 2329 2999; x_wconf 89' lang='lat' dir='ltr'><strong>ohannes</strong></span> <span class='ocrx_word' id='word_1_182' title='bbox 2366 2934 2427 2999; x_wconf 92' lang='lat' dir='ltr'><strong>le</strong></span> <span class='ocrx_word' id='word_1_183' title='bbox 2456 2934 2649 3022; x_wconf 84' lang='lat' dir='ltr'><strong>Petyt</strong></span> <span class='ocrx_word' id='word_1_184' title='bbox 2677 2933 2823 3000; x_wconf 90' lang='lat' dir='ltr'><strong>dedi</strong></span> <span class='ocrx_word' id='word_1_185' title='bbox 2852 2933 3120 3002; x_wconf 84' lang='lat' dir='ltr'><strong>concessi</strong></span> <span class='ocrx_word' id='word_1_186' title='bbox 3167 2945 3231 2998; x_wconf 89' lang='lat' dir='ltr'><strong>et</strong></span> <span class='ocrx_word' id='word_1_187' title='bbox 3268 2931 3383 2998; x_wconf 89' lang='lat' dir='ltr'><strong>hac</strong></span> 
     </span>
     <span class='ocr_line' id='line_1_19' title="bbox 739 3038 3385 3126; baseline 0.001 -24"><span class='ocrx_word' id='word_1_188' title='bbox 739 3101 752 3114; x_wconf 79' lang='lat'><em>,</em></span> <span class='ocrx_word' id='word_1_189' title='bbox 789 3038 1059 3126; x_wconf 85' lang='lat' dir='ltr'><strong>presenti</strong></span> <span class='ocrx_word' id='word_1_190' title='bbox 1080 3051 1248 3104; x_wconf 85' lang='lat' dir='ltr'><strong>carta</strong></span> <span class='ocrx_word' id='word_1_191' title='bbox 1275 3062 1412 3103; x_wconf 85' lang='lat' dir='ltr'><strong>mea</strong></span> <span class='ocrx_word' id='word_1_192' title='bbox 1439 3039 1802 3104; x_wconf 82' lang='lat' dir='ltr'><strong>confirmavi</strong></span> <span class='ocrx_word' id='word_1_193' title='bbox 1825 3039 2026 3104; x_wconf 88' lang='lat' dir='ltr'><strong>Priori</strong></span> <span class='ocrx_word' id='word_1_194' title='bbox 2049 3053 2112 3104; x_wconf 86' lang='lat' dir='ltr'><strong>et</strong></span> <span class='ocrx_word' id='word_1_195' title='bbox 2133 3039 2469 3104; x_wconf 89' lang='lat' dir='ltr'><strong>conventui</strong></span> <span class='ocrx_word' id='word_1_196' title='bbox 2489 3040 2790 3104; x_wconf 89' lang='lat' dir='ltr'><strong>Omnium</strong></span> <span class='ocrx_word' id='word_1_197' title='bbox 2820 3041 3185 3107; x_wconf 89' lang='lat' dir='ltr'><strong>Sanctorum</strong></span> <span class='ocrx_word' id='word_1_198' title='bbox 3203 3039 3385 3104; x_wconf 85' lang='lat' dir='ltr'><strong>Dub-</strong></span> 
     </span>
     <span class='ocr_line' id='line_1_20' title="bbox 614 3142 3384 3231; baseline -0 -22"><span class='ocrx_word' id='word_1_199' title='bbox 614 3145 707 3209; x_wconf 88' lang='lat' dir='ltr'><strong>lin</strong></span> <span class='ocrx_word' id='word_1_200' title='bbox 737 3157 964 3209; x_wconf 86' lang='lat' dir='ltr'><strong>terram</strong></span> <span class='ocrx_word' id='word_1_201' title='bbox 1011 3167 1211 3208; x_wconf 88' lang='lat' dir='ltr'><strong>meam</strong></span> <span class='ocrx_word' id='word_1_202' title='bbox 1250 3157 1529 3207; x_wconf 86' lang='lat' dir='ltr'><strong>vocatam</strong></span> <span class='ocrx_word' id='word_1_203' title='bbox 1561 3142 1858 3230; x_wconf 86' lang='lat' dir='ltr'><strong>Balycros</strong></span> <span class='ocrx_word' id='word_1_204' title='bbox 1905 3167 2048 3209; x_wconf 89' lang='lat' dir='ltr'><strong>cum</strong></span> <span class='ocrx_word' id='word_1_205' title='bbox 2096 3143 2383 3209; x_wconf 90' lang='lat' dir='ltr'><strong>omnibus</strong></span> <span class='ocrx_word' id='word_1_206' title='bbox 2429 3144 2829 3231; x_wconf 84' lang='lat' dir='ltr'><strong>pertinenciis</strong></span> <span class='ocrx_word' id='word_1_207' title='bbox 2874 3146 2999 3212; x_wconf 89' lang='lat' dir='ltr'><strong>suis</strong></span> <span class='ocrx_word' id='word_1_208' title='bbox 3043 3145 3205 3212; x_wconf 90' lang='lat' dir='ltr'><strong>sicut</strong></span> <span class='ocrx_word' id='word_1_209' title='bbox 3248 3168 3384 3210; x_wconf 87' lang='lat' dir='ltr'><strong>eam</strong></span> 
     </span>
     <span class='ocr_line' id='line_1_21' title="bbox 613 3248 3387 3335; baseline 0.001 -21"><span class='ocrx_word' id='word_1_210' title='bbox 613 3249 836 3314; x_wconf 89' lang='lat' dir='ltr'><strong>melius</strong></span> <span class='ocrx_word' id='word_1_211' title='bbox 865 3262 929 3314; x_wconf 89' lang='lat' dir='ltr'><strong>et</strong></span> <span class='ocrx_word' id='word_1_212' title='bbox 957 3248 1198 3335; x_wconf 88' lang='lat' dir='ltr'><strong>plenius</strong></span> <span class='ocrx_word' id='word_1_213' title='bbox 1227 3273 1525 3334; x_wconf 88' lang='lat' dir='ltr'><strong>umquam</strong></span> <span class='ocrx_word' id='word_1_214' title='bbox 1555 3251 1730 3315; x_wconf 86' lang='lat' dir='ltr'><strong>tenui</strong></span> <span class='ocrx_word' id='word_1_215' title='bbox 1763 3289 1776 3302; x_wconf 92' lang='lat'><strong>·</strong></span> <span class='ocrx_word' id='word_1_216' title='bbox 1808 3275 1951 3317; x_wconf 90' lang='lat' dir='ltr'><strong>cum</strong></span> <span class='ocrx_word' id='word_1_217' title='bbox 1990 3252 2239 3316; x_wconf 90' lang='lat' dir='ltr'><strong>redditu</strong></span> <span class='ocrx_word' id='word_1_218' title='bbox 2279 3265 2343 3317; x_wconf 87' lang='lat' dir='ltr'><strong>et</strong></span> <span class='ocrx_word' id='word_1_219' title='bbox 2378 3253 2640 3318; x_wconf 86' lang='lat' dir='ltr'><strong>servicio</strong></span> <span class='ocrx_word' id='word_1_220' title='bbox 2668 3254 2891 3318; x_wconf 80' lang='lat' dir='ltr'><strong>wardis</strong></span> <span class='ocrx_word' id='word_1_221' title='bbox 2936 3267 3001 3319; x_wconf 90' lang='lat' dir='ltr'><strong>et</strong></span> <span class='ocrx_word' id='word_1_222' title='bbox 3028 3253 3293 3320; x_wconf 87' lang='lat' dir='ltr'><strong>eskeatis</strong></span> <span class='ocrx_word' id='word_1_223' title='bbox 3322 3266 3387 3318; x_wconf 91' lang='lat' dir='ltr'><strong>et</strong></span> 
     </span>
     <span class='ocr_line' id='line_1_22' title="bbox 617 3350 3384 3442; baseline 0.001 -24"><span class='ocrx_word' id='word_1_224' title='bbox 617 3375 763 3418; x_wconf 89' lang='lat' dir='ltr'><strong>cum</strong></span> <span class='ocrx_word' id='word_1_225' title='bbox 810 3351 1099 3417; x_wconf 90' lang='lat' dir='ltr'><strong>omnibus</strong></span> <span class='ocrx_word' id='word_1_226' title='bbox 1137 3350 1272 3416; x_wconf 87' lang='lat' dir='ltr'><strong>aliis</strong></span> <span class='ocrx_word' id='word_1_227' title='bbox 1301 3376 1422 3437; x_wconf 88' lang='lat' dir='ltr'><strong>que</strong></span> <span class='ocrx_word' id='word_1_228' title='bbox 1452 3351 1531 3417; x_wconf 90' lang='lat' dir='ltr'><strong>de</strong></span> <span class='ocrx_word' id='word_1_229' title='bbox 1568 3353 1786 3417; x_wconf 90' lang='lat' dir='ltr'><strong>eadem</strong></span> <span class='ocrx_word' id='word_1_230' title='bbox 1815 3367 1977 3418; x_wconf 88' lang='lat' dir='ltr'><strong>terra</strong></span> <span class='ocrx_word' id='word_1_231' title='bbox 2012 3354 2289 3420; x_wconf 88' lang='lat' dir='ltr'><strong>accidere</strong></span> <span class='ocrx_word' id='word_1_232' title='bbox 2318 3369 2612 3442; x_wconf 89' lang='lat' dir='ltr'><strong>poterunt</strong></span> <span class='ocrx_word' id='word_1_233' title='bbox 2644 3394 2656 3406; x_wconf 93' lang='lat'><strong>·</strong></span> <span class='ocrx_word' id='word_1_234' title='bbox 2687 3356 3041 3422; x_wconf 85' lang='lat' dir='ltr'><strong>habendam</strong></span> <span class='ocrx_word' id='word_1_235' title='bbox 3078 3369 3141 3422; x_wconf 91' lang='lat' dir='ltr'><strong>et</strong></span> <span class='ocrx_word' id='word_1_236' title='bbox 3168 3371 3384 3423; x_wconf 86' lang='lat' dir='ltr'><strong>tenen-</strong></span> 
     </span>
     <span class='ocr_line' id='line_1_23' title="bbox 619 3457 3384 3546; baseline 0.001 -22"><span class='ocrx_word' id='word_1_237' title='bbox 619 3458 762 3524; x_wconf 88' lang='lat' dir='ltr'><strong>dam</strong></span> <span class='ocrx_word' id='word_1_238' title='bbox 793 3459 872 3524; x_wconf 93' lang='lat' dir='ltr'><strong>de</strong></span> <span class='ocrx_word' id='word_1_239' title='bbox 901 3482 1002 3523; x_wconf 92' lang='lat' dir='ltr'><strong>me</strong></span> <span class='ocrx_word' id='word_1_240' title='bbox 1031 3471 1096 3522; x_wconf 88' lang='lat' dir='ltr'><strong>et</strong></span> <span class='ocrx_word' id='word_1_241' title='bbox 1121 3457 1455 3523; x_wconf 86' lang='lat' dir='ltr'><strong>heredibus</strong></span> <span class='ocrx_word' id='word_1_242' title='bbox 1499 3457 1655 3522; x_wconf 88' lang='lat' dir='ltr'><strong>meis</strong></span> <span class='ocrx_word' id='word_1_243' title='bbox 1693 3457 1811 3523; x_wconf 86' lang='lat' dir='ltr'><strong>sibi</strong></span> <span class='ocrx_word' id='word_1_244' title='bbox 1850 3457 1952 3523; x_wconf 85' lang='lat' dir='ltr'><strong>vel</strong></span> <span class='ocrx_word' id='word_1_245' title='bbox 1990 3457 2311 3546; x_wconf 89' lang='lat' dir='ltr'><strong>assignatis</strong></span> <span class='ocrx_word' id='word_1_246' title='bbox 2355 3460 2480 3522; x_wconf 88' lang='lat' dir='ltr'><strong>suis</strong></span> <span class='ocrx_word' id='word_1_247' title='bbox 2516 3459 2583 3523; x_wconf 91' lang='lat' dir='ltr'><strong>in</strong></span> <span class='ocrx_word' id='word_1_248' title='bbox 2612 3459 2795 3525; x_wconf 88' lang='lat' dir='ltr'><strong>feodo</strong></span> <span class='ocrx_word' id='word_1_249' title='bbox 2840 3473 2905 3526; x_wconf 91' lang='lat' dir='ltr'><strong>et</strong></span> <span class='ocrx_word' id='word_1_250' title='bbox 2946 3461 3288 3526; x_wconf 86' lang='lat' dir='ltr'><strong>hereditate</strong></span> <span class='ocrx_word' id='word_1_251' title='bbox 3316 3461 3384 3526; x_wconf 89' lang='lat' dir='ltr'><strong>in</strong></span> 
     </span>
    </p>
   </div>
   <div class='ocr_carea' id='block_1_7' title="bbox 615 3568 3389 4507">
    <p class='ocr_par' dir='ltr' id='par_1_7' title="bbox 615 3568 3389 3974">
     <span class='ocr_line' id='line_1_24' title="bbox 615 3568 3387 3659; baseline 0.001 -23"><span class='ocrx_word' id='word_1_252' title='bbox 615 3585 987 3659; x_wconf 89' lang='lat' dir='ltr'><strong>perpetuum</strong></span> <span class='ocrx_word' id='word_1_253' title='bbox 1009 3568 1202 3635; x_wconf 88' lang='lat' dir='ltr'><strong>libere</strong></span> <span class='ocrx_word' id='word_1_254' title='bbox 1233 3568 1439 3654; x_wconf 78' lang='lat' dir='ltr'><strong>quiete</strong></span> <span class='ocrx_word' id='word_1_255' title='bbox 1457 3569 1616 3633; x_wconf 89' lang='lat' dir='ltr'><strong>bene</strong></span> <span class='ocrx_word' id='word_1_256' title='bbox 1647 3582 1710 3634; x_wconf 89' lang='lat' dir='ltr'><strong>et</strong></span> <span class='ocrx_word' id='word_1_257' title='bbox 1737 3569 1806 3632; x_wconf 91' lang='lat' dir='ltr'><strong>in</strong></span> <span class='ocrx_word' id='word_1_258' title='bbox 1834 3592 1986 3656; x_wconf 86' lang='lat' dir='ltr'><strong>pace</strong></span> <span class='ocrx_word' id='word_1_259' title='bbox 2007 3568 2191 3656; x_wconf 86' lang='lat' dir='ltr'><strong>plene</strong></span> <span class='ocrx_word' id='word_1_260' title='bbox 2208 3570 2450 3658; x_wconf 90' lang='lat' dir='ltr'><strong>integre</strong></span> <span class='ocrx_word' id='word_1_261' title='bbox 2479 3585 2543 3638; x_wconf 89' lang='lat' dir='ltr'><strong>et</strong></span> <span class='ocrx_word' id='word_1_262' title='bbox 2563 3571 2903 3638; x_wconf 88' lang='lat' dir='ltr'><strong>honorifice</strong></span> <span class='ocrx_word' id='word_1_263' title='bbox 2924 3611 2937 3624; x_wconf 92' lang='lat'><strong>·</strong></span> <span class='ocrx_word' id='word_1_264' title='bbox 2957 3573 3036 3638; x_wconf 93' lang='lat' dir='ltr'><strong>In</strong></span> <span class='ocrx_word' id='word_1_265' title='bbox 3058 3573 3387 3640; x_wconf 88' lang='lat' dir='ltr'><strong>dominicis</strong></span> 
     </span>
     <span class='ocr_line' id='line_1_25' title="bbox 617 3675 3389 3768; baseline 0.001 -26"><span class='ocrx_word' id='word_1_266' title='bbox 617 3677 686 3742; x_wconf 91' lang='lat' dir='ltr'><strong>in</strong></span> <span class='ocrx_word' id='word_1_267' title='bbox 715 3677 906 3765; x_wconf 89' lang='lat' dir='ltr'><strong>pratis</strong></span> <span class='ocrx_word' id='word_1_268' title='bbox 933 3677 1002 3741; x_wconf 91' lang='lat' dir='ltr'><strong>in</strong></span> <span class='ocrx_word' id='word_1_269' title='bbox 1031 3675 1271 3764; x_wconf 80' lang='lat' dir='ltr'><strong>pascuis</strong></span> <span class='ocrx_word' id='word_1_270' title='bbox 1293 3689 1358 3740; x_wconf 89' lang='lat' dir='ltr'><strong>et</strong></span> <span class='ocrx_word' id='word_1_271' title='bbox 1385 3675 1647 3762; x_wconf 83' lang='lat' dir='ltr'><strong>pasturis</strong></span> <span class='ocrx_word' id='word_1_272' title='bbox 1669 3676 1738 3741; x_wconf 87' lang='lat' dir='ltr'><strong>in</strong></span> <span class='ocrx_word' id='word_1_273' title='bbox 1766 3677 1952 3742; x_wconf 89' lang='lat' dir='ltr'><strong>moris</strong></span> <span class='ocrx_word' id='word_1_274' title='bbox 1980 3691 2045 3742; x_wconf 93' lang='lat' dir='ltr'><strong>et</strong></span> <span class='ocrx_word' id='word_1_275' title='bbox 2072 3679 2345 3744; x_wconf 88' lang='lat' dir='ltr'><strong>mariscis</strong></span> <span class='ocrx_word' id='word_1_276' title='bbox 2372 3679 2441 3745; x_wconf 91' lang='lat' dir='ltr'><strong>in</strong></span> <span class='ocrx_word' id='word_1_277' title='bbox 2471 3680 2645 3766; x_wconf 88' lang='lat' dir='ltr'><strong>aquis</strong></span> <span class='ocrx_word' id='word_1_278' title='bbox 2674 3680 2905 3768; x_wconf 88' lang='lat' dir='ltr'><strong>stagnis</strong></span> <span class='ocrx_word' id='word_1_279' title='bbox 2934 3695 2997 3746; x_wconf 89' lang='lat' dir='ltr'><strong>et</strong></span> <span class='ocrx_word' id='word_1_280' title='bbox 3016 3681 3389 3748; x_wconf 88' lang='lat' dir='ltr'><strong>molendinis</strong></span> 
     </span>
     <span class='ocr_line' id='line_1_26' title="bbox 619 3781 3387 3870; baseline 0.002 -22"><span class='ocrx_word' id='word_1_281' title='bbox 619 3784 688 3848; x_wconf 92' lang='lat' dir='ltr'><strong>in</strong></span> <span class='ocrx_word' id='word_1_282' title='bbox 715 3783 916 3850; x_wconf 89' lang='lat' dir='ltr'><strong>boscis</strong></span> <span class='ocrx_word' id='word_1_283' title='bbox 955 3795 1020 3848; x_wconf 92' lang='lat' dir='ltr'><strong>et</strong></span> <span class='ocrx_word' id='word_1_284' title='bbox 1065 3781 1264 3870; x_wconf 85' lang='lat' dir='ltr'><strong>planis</strong></span> <span class='ocrx_word' id='word_1_285' title='bbox 1307 3781 1376 3845; x_wconf 91' lang='lat' dir='ltr'><strong>in</strong></span> <span class='ocrx_word' id='word_1_286' title='bbox 1425 3782 1710 3848; x_wconf 88' lang='lat' dir='ltr'><strong>omnibus</strong></span> <span class='ocrx_word' id='word_1_287' title='bbox 1757 3783 1892 3848; x_wconf 87' lang='lat' dir='ltr'><strong>aliis</strong></span> <span class='ocrx_word' id='word_1_288' title='bbox 1919 3784 2309 3851; x_wconf 88' lang='lat' dir='ltr'><strong>libertatibus</strong></span> <span class='ocrx_word' id='word_1_289' title='bbox 2353 3801 2418 3852; x_wconf 89' lang='lat' dir='ltr'><strong>et</strong></span> <span class='ocrx_word' id='word_1_290' title='bbox 2454 3785 2665 3851; x_wconf 89' lang='lat' dir='ltr'><strong>liberis</strong></span> <span class='ocrx_word' id='word_1_291' title='bbox 2710 3787 3262 3854; x_wconf 89' lang='lat' dir='ltr'><strong>consuetudinibus</strong></span> <span class='ocrx_word' id='word_1_292' title='bbox 3308 3789 3387 3854; x_wconf 89' lang='lat' dir='ltr'><strong>ad</strong></span> 
     </span>
     <span class='ocr_line' id='line_1_27' title="bbox 624 3886 1606 3974; baseline -0.005 -19"><span class='ocrx_word' id='word_1_293' title='bbox 624 3889 854 3957; x_wconf 88' lang='lat' dir='ltr'><strong>dictam</strong></span> <span class='ocrx_word' id='word_1_294' title='bbox 883 3901 1108 3953; x_wconf 86' lang='lat' dir='ltr'><strong>terram</strong></span> <span class='ocrx_word' id='word_1_295' title='bbox 1136 3886 1606 3974; x_wconf 79' lang='lat' dir='ltr'><strong>pertinentibus,</strong></span> 
     </span>
    </p>

    <p class='ocr_par' dir='ltr' id='par_1_8' title="bbox 622 3989 3387 4507">
     <span class='ocr_line' id='line_1_28' title="bbox 751 3989 3386 4079; baseline -0.001 -17"><span class='ocrx_word' id='word_1_296' title='bbox 751 3995 1098 4062; x_wconf 87' lang='lat' dir='ltr'><strong>Reddendo</strong></span> <span class='ocrx_word' id='word_1_297' title='bbox 1126 3993 1274 4058; x_wconf 92' lang='lat' dir='ltr'><strong>inde</strong></span> <span class='ocrx_word' id='word_1_298' title='bbox 1313 3991 1632 4057; x_wconf 83' lang='lat' dir='ltr'><strong>annuatim</strong></span> <span class='ocrx_word' id='word_1_299' title='bbox 1660 3989 1781 4078; x_wconf 85' lang='lat' dir='ltr'><strong>ipsi</strong></span> <span class='ocrx_word' id='word_1_300' title='bbox 1809 3991 1911 4055; x_wconf 84' lang='lat' dir='ltr'><strong>vel</strong></span> <span class='ocrx_word' id='word_1_301' title='bbox 1940 3990 2231 4079; x_wconf 85' lang='lat' dir='ltr'><strong>assignati</strong></span> <span class='ocrx_word' id='word_1_302' title='bbox 2270 3991 2365 4055; x_wconf 86' lang='lat' dir='ltr'><strong>sui</strong></span> <span class='ocrx_word' id='word_1_303' title='bbox 2406 3991 2561 4056; x_wconf 86' lang='lat' dir='ltr'><strong>mihi</strong></span> <span class='ocrx_word' id='word_1_304' title='bbox 2594 4005 2658 4058; x_wconf 91' lang='lat' dir='ltr'><strong>et</strong></span> <span class='ocrx_word' id='word_1_305' title='bbox 2692 3993 3025 4060; x_wconf 87' lang='lat' dir='ltr'><strong>heredibus</strong></span> <span class='ocrx_word' id='word_1_306' title='bbox 3069 3995 3225 4061; x_wconf 91' lang='lat' dir='ltr'><strong>meis</strong></span> <span class='ocrx_word' id='word_1_307' title='bbox 3272 4019 3386 4062; x_wconf 81' lang='lat' dir='ltr'><strong>sex</strong></span> 
     </span>
     <span class='ocr_line' id='line_1_29' title="bbox 622 4097 3387 4189; baseline -0.001 -20"><span class='ocrx_word' id='word_1_308' title='bbox 622 4125 857 4169; x_wconf 87' lang='lat' dir='ltr'><strong>marcas</strong></span> <span class='ocrx_word' id='word_1_309' title='bbox 900 4099 1138 4189; x_wconf 89' lang='lat' dir='ltr'><strong>argenti</strong></span> <span class='ocrx_word' id='word_1_310' title='bbox 1169 4099 1247 4164; x_wconf 85' lang='lat' dir='ltr'><strong>ad</strong></span> <span class='ocrx_word' id='word_1_311' title='bbox 1277 4099 1432 4164; x_wconf 89' lang='lat' dir='ltr'><strong>duos</strong></span> <span class='ocrx_word' id='word_1_312' title='bbox 1471 4098 1617 4163; x_wconf 87' lang='lat' dir='ltr'><strong>anni</strong></span> <span class='ocrx_word' id='word_1_313' title='bbox 1647 4097 1940 4163; x_wconf 86' lang='lat' dir='ltr'><strong>terminos</strong></span> <span class='ocrx_word' id='word_1_314' title='bbox 1973 4136 1986 4149; x_wconf 89' lang='lat'><strong>·</strong></span> <span class='ocrx_word' id='word_1_315' title='bbox 2017 4098 2255 4164; x_wconf 85' lang='lat' dir='ltr'><strong>scilicet</strong></span> <span class='ocrx_word' id='word_1_316' title='bbox 2281 4097 2679 4165; x_wconf 78' lang='lat' dir='ltr'><strong>medietatem</strong></span> <span class='ocrx_word' id='word_1_317' title='bbox 2719 4100 2798 4165; x_wconf 87' lang='lat' dir='ltr'><strong>ad</strong></span> <span class='ocrx_word' id='word_1_318' title='bbox 2824 4100 3051 4166; x_wconf 83' lang='lat' dir='ltr'><strong>festum</strong></span> <span class='ocrx_word' id='word_1_319' title='bbox 3081 4100 3387 4166; x_wconf 89' lang='lat' dir='ltr'><strong>Omnium</strong></span> 
     </span>
     <span class='ocr_line' id='line_1_30' title="bbox 628 4203 3386 4296; baseline 0 -24"><span class='ocrx_word' id='word_1_320' title='bbox 628 4207 994 4272; x_wconf 88' lang='lat' dir='ltr'><strong>Sanctorum</strong></span> <span class='ocrx_word' id='word_1_321' title='bbox 1025 4218 1089 4270; x_wconf 88' lang='lat' dir='ltr'><strong>et</strong></span> <span class='ocrx_word' id='word_1_322' title='bbox 1117 4203 1300 4269; x_wconf 86' lang='lat' dir='ltr'><strong>aliam</strong></span> <span class='ocrx_word' id='word_1_323' title='bbox 1338 4205 1736 4270; x_wconf 88' lang='lat' dir='ltr'><strong>medietatem</strong></span> <span class='ocrx_word' id='word_1_324' title='bbox 1777 4205 1855 4270; x_wconf 89' lang='lat' dir='ltr'><strong>ad</strong></span> <span class='ocrx_word' id='word_1_325' title='bbox 1893 4204 2120 4270; x_wconf 88' lang='lat' dir='ltr'><strong>festum</strong></span> <span class='ocrx_word' id='word_1_326' title='bbox 2161 4205 2578 4292; x_wconf 88' lang='lat' dir='ltr'><strong>apostolorum</strong></span> <span class='ocrx_word' id='word_1_327' title='bbox 2608 4207 2891 4295; x_wconf 88' lang='lat' dir='ltr'><strong>Philippi</strong></span> <span class='ocrx_word' id='word_1_328' title='bbox 2919 4219 2984 4274; x_wconf 83' lang='lat' dir='ltr'><strong>et</strong></span> <span class='ocrx_word' id='word_1_329' title='bbox 3018 4208 3063 4274; x_wconf 85' lang='lat' dir='ltr'><strong>J</strong></span> <span class='ocrx_word' id='word_1_330' title='bbox 3065 4207 3240 4274; x_wconf 86' lang='lat' dir='ltr'><strong>acobi</strong></span> <span class='ocrx_word' id='word_1_331' title='bbox 3272 4231 3386 4296; x_wconf 90' lang='lat' dir='ltr'><strong>pro</strong></span> 
     </span>
     <span class='ocr_line' id='line_1_31' title="bbox 626 4309 3385 4403; baseline 0 -26"><span class='ocrx_word' id='word_1_332' title='bbox 626 4311 796 4377; x_wconf 90' lang='lat' dir='ltr'><strong>omni</strong></span> <span class='ocrx_word' id='word_1_333' title='bbox 826 4310 1085 4376; x_wconf 89' lang='lat' dir='ltr'><strong>servicio</strong></span> <span class='ocrx_word' id='word_1_334' title='bbox 1113 4309 1441 4376; x_wconf 87' lang='lat' dir='ltr'><strong>exactione</strong></span> <span class='ocrx_word' id='word_1_335' title='bbox 1469 4323 1534 4376; x_wconf 92' lang='lat' dir='ltr'><strong>et</strong></span> <span class='ocrx_word' id='word_1_336' title='bbox 1561 4310 1867 4376; x_wconf 86' lang='lat' dir='ltr'><strong>demanda</strong></span> <span class='ocrx_word' id='word_1_337' title='bbox 1895 4311 1976 4376; x_wconf 87' lang='lat' dir='ltr'><strong>ad</strong></span> <span class='ocrx_word' id='word_1_338' title='bbox 2003 4336 2104 4377; x_wconf 91' lang='lat' dir='ltr'><strong>me</strong></span> <span class='ocrx_word' id='word_1_339' title='bbox 2133 4311 2237 4376; x_wconf 81' lang='lat' dir='ltr'><strong>vel</strong></span> <span class='ocrx_word' id='word_1_340' title='bbox 2257 4312 2515 4377; x_wconf 88' lang='lat' dir='ltr'><strong>heredes</strong></span> <span class='ocrx_word' id='word_1_341' title='bbox 2542 4335 2711 4379; x_wconf 86' lang='lat' dir='ltr'><strong>meos</strong></span> <span class='ocrx_word' id='word_1_342' title='bbox 2740 4313 3106 4403; x_wconf 81' lang='lat' dir='ltr'><strong>pertinente.</strong></span> <span class='ocrx_word' id='word_1_343' title='bbox 3198 4312 3385 4380; x_wconf 87' lang='lat' dir='ltr'><strong>Salvo</strong></span> 
     </span>
     <span class='ocr_line' id='line_1_32' title="bbox 623 4414 2682 4507; baseline 0.002 -25"><span class='ocrx_word' id='word_1_344' title='bbox 623 4415 886 4484; x_wconf 88' lang='lat' dir='ltr'><strong>servicio</strong></span> <span class='ocrx_word' id='word_1_345' title='bbox 913 4414 1216 4480; x_wconf 88' lang='lat' dir='ltr'><strong>forinseco</strong></span> <span class='ocrx_word' id='word_1_346' title='bbox 1245 4439 1389 4482; x_wconf 90' lang='lat' dir='ltr'><strong>cum</strong></span> <span class='ocrx_word' id='word_1_347' title='bbox 1418 4414 1697 4482; x_wconf 81' lang='lat' dir='ltr'><strong>evenerit</strong></span> <span class='ocrx_word' id='word_1_348' title='bbox 1724 4415 1804 4482; x_wconf 86' lang='lat' dir='ltr'><strong>ad</strong></span> <span class='ocrx_word' id='word_1_349' title='bbox 1832 4415 2062 4482; x_wconf 87' lang='lat' dir='ltr'><strong>dictam</strong></span> <span class='ocrx_word' id='word_1_350' title='bbox 2092 4430 2321 4482; x_wconf 85' lang='lat' dir='ltr'><strong>terram</strong></span> <span class='ocrx_word' id='word_1_351' title='bbox 2350 4431 2682 4507; x_wconf 85' lang='lat' dir='ltr'><strong>spectante.</strong></span> 
     </span>
    </p>
   </div>
   <div class='ocr_carea' id='block_1_8' title="bbox 1955 4522 3388 4617">
    <p class='ocr_par' dir='ltr' id='par_1_9' title="bbox 1955 4522 3388 4617">
     <span class='ocr_line' id='line_1_33' title="bbox 1955 4522 3388 4617; baseline 0.003 -30"><span class='ocrx_word' id='word_1_352' title='bbox 1955 4522 2012 4587; x_wconf 92' lang='lat' dir='ltr'>L</span> <span class='ocrx_word' id='word_1_353' title='bbox 2043 4527 2082 4588; x_wconf 85' lang='lat'>2</span> <span class='ocrx_word' id='word_1_354' title='bbox 3246 4527 3388 4617; x_wconf 86' lang='lat' dir='ltr'><strong>Ego</strong></span> 
     </span>
    </p>
   </div>
  </div>
 </body>
</html>
