4295 5410
2260 618 2355 702 46

927 821 1038 885 per
1081 820 1312 862 annum
1357 821 1394 860 a
1435 807 1600 862 retro
1644 796 1987 863 existencia
2016 797 2093 862 de
2122 807 2257 862 toto
2286 811 2564 885 tempore
2594 807 2898 862 transacto
2938 819 3135 882 usque
3164 797 3245 862 ad
3265 797 3505 864 Pascha
3533 821 3698 863 anno

929 904 1188 969 Domini
1217 903 1547 968 millesimo
1577 929 1683 970 000
1711 905 2009 971 vicesimo
2049 905 2271 991 quinto
2306 944 2318 957 ·
2352 907 2432 971 de
2462 907 2729 992 quadam
2767 905 2981 993 placea
3011 919 3169 971 terre
3208 929 3352 972 cum
3382 906 3697 994 pertinen·

927 1007 1040 1073 ciis
1081 1007 1518 1073 collateraliter
1536 1008 1784 1093 jacente
1814 1032 1899 1072 ex
1927 1021 2102 1095 parte
2145 1009 2519 1075 occidentali
2550 1011 2769 1076 domus
2796 1011 3119 1099 hospitalis
3152 1012 3365 1079 Sancti
3393 1014 3437 1078 J
3438 1013 3699 1078 ohannis

929 1129 1108 1178 extra
1137 1137 1364 1178 novam
1393 1127 1635 1201 portam
1659 1113 1903 1179 Dublin
1925 1113 1993 1178 in
2022 1114 2165 1180 vico
2198 1115 2411 1181 Sancti
2443 1117 2691 1182 Thome
2720 1116 2789 1181 in
2816 1117 3111 1204 parochia
3146 1117 3357 1183 Sancti
3382 1119 3697 1184 Katerine.

931 1219 1328 1284 Remiserunt
1373 1219 1570 1284 eciam
1613 1234 1679 1284 et
1721 1219 2163 1286 relaxaverunt
2212 1221 2509 1308 predictis
2547 1223 2591 1287 J
2592 1222 2825 1288 ohanni
2870 1237 2936 1288 et
2964 1222 3249 1288 Marione
3296 1225 3375 1290 de
3420 1224 3701 1312 predicto

930 1323 1180 1389 redditu
1208 1325 1606 1390 medietatem
1637 1351 1674 1392 a
1701 1327 1856 1392 festo
1900 1329 2181 1415 predicto
2226 1353 2421 1414 usque
2463 1330 2543 1395 ad
2578 1329 2767 1394 finem
2798 1343 3035 1416 septem
3066 1353 3369 1394 annorum
3412 1331 3699 1417 proxime

931 1435 1332 1522 sequencium
1377 1435 1561 1522 plene
1613 1436 2142 1523 complendorum.
2232 1437 2580 1502 Reddendo
2608 1436 2757 1501 inde
2808 1436 3129 1502 annuatim
3159 1436 3343 1502 dietis
3385 1439 3589 1504 Priori
3637 1450 3701 1504 et

933 1539 1269 1605 conventui
1300 1539 1455 1603 duos
1499 1538 1726 1604 solidos
1755 1552 1819 1604 et
1846 1539 1930 1604 vi.
1963 1539 2247 1606 denarios
2286 1541 2526 1629 argenti
2557 1542 2636 1606 ad
2666 1541 2821 1606 duos
2850 1541 3145 1606 terminos
3185 1543 3333 1608 anni
3366 1583 3378 1595 ·
3410 1544 3706 1611 videlicet

933 1644 1331 1710 medietatem
1361 1643 1441 1708 ad
1469 1644 1664 1709 Pasca
1693 1657 1756 1709 et
1785 1643 1970 1709 aliam
1999 1644 2399 1710 medietatem
2423 1644 2503 1709 ad
2530 1645 2757 1710 festum
2792 1645 3003 1711 Sancti
3034 1646 3381 1713 Michaelis.

1062 1750 1152 1815 Et
1171 1749 1364 1813 finitis
1381 1749 1674 1837 predictis
1697 1765 1932 1838 septem
1957 1751 2132 1815 annis
2155 1750 2469 1838 predictus
2490 1752 2769 1817 redditus
2786 1751 3062 1838 quinque
3086 1752 3423 1817 solidorum
3444 1753 3704 1841 singulis

936 1857 1112 1922 annis
1141 1855 1391 1945 prefatis
1421 1857 1622 1922 Priori
1655 1871 1719 1923 et
1747 1859 2084 1924 conventui
2113 1873 2179 1925 et
2221 1883 2436 1926 eorum
2482 1860 2931 1926 successoribus
2973 1859 3213 1947 integre
3242 1860 3703 1948 imperpetuum

935 1979 1295 2030 revertatur.
1384 1964 1472 2028 Et
1500 1964 1765 2051 predicti
1793 1965 1836 2030 J
1840 1964 2113 2030 ohannes
2141 1979 2207 2030 et
2235 1964 2522 2029 Mariona
2550 1988 2663 2052 pro
2693 1987 2756 2028 se
2786 1977 2850 2029 et
2876 1962 3208 2028 heredibus
3237 1964 3363 2028 suis
3390 1989 3702 2030 conoesse-

936 2085 1084 2136 runt
1112 2071 1281 2157 quod
1325 2070 1376 2135 si
1423 2070 1796 2136 sufficientes
1827 2070 2239 2137 districtiones
2268 2070 2503 2136 ibidem
2534 2069 2806 2135 inveniri
2852 2093 2979 2133 11011
3026 2083 3319 2156 poterunt
3363 2083 3513 2136 tunc
3546 2071 3705 2137 bene

935 2177 1151 2244 licebit
1173 2176 1354 2243 dietis
1373 2175 1577 2241 Priori
1599 2191 1663 2241 et
1684 2176 2023 2242 conventui
2045 2189 2108 2242 et
2128 2198 2343 2240 eorum
2368 2173 2816 2239 successoribus
2846 2172 3017 2238 aliud
3038 2186 3463 2238 tenementum
3492 2198 3707 2240 eorum

935 2281 1282 2346 collaterale
1312 2279 1558 2367 ingredi
1580 2293 1644 2344 et
1671 2279 1906 2346 ibidem
1931 2278 2299 2365 distringere
2322 2290 2385 2342 et
2407 2276 2821 2342 districtiones
2849 2277 3114 2342 retinere
3137 2302 3331 2363 usque
3356 2279 3435 2344 ad
3457 2280 3705 2367 plenam

941 2387 1094 2456 dicti
1131 2387 1410 2452 redditus
1461 2386 1888 2452 solucionem.‘
1950 2384 2027 2449 In
2076 2385 2255 2470 cujus
2300 2385 2392 2448 rei
2438 2382 2865 2448 testimonium
2912 2381 3064 2447 111110
3115 2382 3453 2450 dividende
3502 2385 3708 2475 sigilla

941 2489 1222 2576 parcium
1250 2489 1602 2555 alternatim
1632 2505 1778 2555 sunt
1807 2515 2094 2578 appensa.
2151 2490 2389 2555 Datum
2420 2491 2667 2556 Dublin
2696 2490 2764 2554 in
2792 2489 3011 2578 vigilia
3039 2490 3276 2556 Pasche
3306 2517 3468 2558 anno
3496 2518 3707 2582 supra·

941 2595 1126 2661 dicto,

2178 2876 2461 2949 XLIV.

1502 3064 1620 3140 Bt
1649 3064 1762 3137 xti.
1795 3063 2071 3138 mariis
2107 3063 2175 3136 {n
2210 3062 2487 3154 paternit
2521 3060 2766 3146 §susti
2798 3062 3137 3139 3301111111.

1077 3252 1265 3318 Giant
1292 3270 1603 3341 presentes
1632 3268 1696 3318 et
1718 3253 1911 3318 futuri
1941 3252 2110 3337 quod
2131 3277 2249 3340 ego
2273 3253 2350 3317 T.
2372 3253 2450 3317 de
2475 3252 2735 3317 Camera
2762 3266 2827 3317 et
2848 3252 3049 3317 Elena
3069 3253 3148 3318 de
3173 3252 3461 3317 Tantona
3490 3277 3709 3341 sponsa

1118 3384 1256 3425 mea
1284 3360 1568 3425 dedimus
1614 3359 2023 3425 concessimus
2069 3374 2133 3425 et
2161 3360 2278 3425 hac
2307 3360 2577 3447 presenti
2605 3374 2773 3425 carta
2818 3374 3025 3425 nostra
3069 3360 3569 3426 confirmavimus
3597 3387 3710 3450 pro

946 3466 1140 3531 salute
1191 3466 1534 3531 animarum
1585 3479 1933 3530 nostrarum
1985 3478 2438 3530 antecessorum
2490 3476 2555 3528 et
2604 3487 3019 3528 successorum
3070 3478 3417 3528 nostrorum
3461 3464 3599 3530 Deo
3646 3481 3710 3531 et

947 3574 1124 3637 beate
1157 3572 1356 3637 Marie
1404 3585 1468 3637 et
1511 3571 1725 3636 domui
1757 3570 2060 3635 Omnium
2094 3570 2462 3635 Sanctorum
2492 3570 2682 3654 juxta
2719 3569 2962 3635 Dublin
3005 3584 3070 3635 et
3120 3570 3432 3635 canonicis
3474 3572 3710 3636 ibidem

949 3680 1089 3745 Deo
1119 3680 1526 3745 servientibus
1560 3719 1571 3730 ·
1603 3681 1669 3743 in
1701 3704 1918 3766 puram
1947 3692 2012 3743 et
2040 3692 2403 3766 perpetuam
2434 3677 2831 3743 elemosinam
2861 3676 3179 3743 sexdecim
3209 3676 3490 3742 denarios
3519 3679 3711 3743 annui

949 3788 1228 3853 redditus
1258 3789 1336 3853 ad
1365 3789 1583 3853 vinum
1615 3788 1899 3853 sacrificii
1928 3787 2317 3875 recipiendos
2354 3786 2423 3850 in
2467 3784 2765 3851 suburbio
2795 3784 3039 3849 Dublin
3066 3783 3134 3847 in
3170 3784 3463 3871 parochia
3504 3798 3713 3851 sancte

954 3893 1252 3959 Katerine
1288 3894 1365 3959 de
1406 3894 1672 3979 quadam
1722 3907 1886 3959 terra
1931 3893 1998 3957 in
2042 3907 2216 3980 parte
2262 3892 2511 3957 australi
2559 3892 2731 3979 regie
2773 3890 2875 3955 vie
2910 3928 2922 3941 ·
2956 3890 3335 3976 quequidem
3364 3904 3525 3955 terra
3544 3891 3716 3977 jacet

949 4000 1114 4066 inter
1141 4015 1366 4065 terram
1397 4025 1517 4086 que
1544 4001 1666 4065 fuit
1685 4001 1949 4066 Henrici
1978 4000 2201 4066 Russel
2227 4001 2294 4065 in
2325 4014 2499 4088 parte
2527 3998 2810 4064 orientali
2839 4011 2903 4063 et
2923 4010 3147 4063 terram
3178 4022 3299 4083 que
3319 3996 3440 4061 fuit
3469 3996 3715 4062 Thome

951 4106 1270 4196 Armigeri
1302 4108 1367 4172 in
1397 4122 1570 4197 parte
1601 4110 1966 4174 occidentali
1995 4148 2006 4160 ·
2031 4108 2419 4195 recipiendos
2448 4108 2527 4172 ad
2548 4107 2702 4172 duos
2732 4106 2877 4172 anni
2906 4104 3202 4171 terminos
3229 4104 3465 4170 scilicet
3484 4104 3717 4202 medie-

953 4223 1146 4277 tatem
1175 4213 1255 4277 ad
1285 4214 1524 4278 Pascha
1545 4228 1608 4278 et
1637 4213 1820 4278 aliam
1849 4213 2245 4279 medietatem
2277 4212 2355 4277 ad
2384 4212 2609 4277 festum
2642 4210 2853 4277 Sancti
2883 4209 3228 4276 Michaelis

1084 4316 1172 4382 Et
1215 4341 1326 4383 nos
1371 4342 1520 4383 vero
1559 4317 1823 4405 predicti
1855 4317 1932 4381 T.
1965 4317 2044 4381 de
2075 4316 2348 4382 Camera¹
2383 4330 2448 4381 et
2477 4314 2678 4379 Elena
2705 4315 2783 4379 de
2815 4314 3104 4379 Tantona
3148 4325 3213 4379 et
3238 4313 3496 4379 heredes
3524 4314 3717 4379 nostri

957 4424 1222 4511 prefatos
1251 4424 1569 4490 sexdecim
1600 4422 1882 4488 denarios
1928 4420 2120 4486 annui
2149 4419 2429 4485 redditus
2474 4418 2784 4483 antedicte
2823 4417 3039 4482 domui
3078 4429 3143 4483 et
3168 4418 3479 4484 canonicis
3508 4432 3721 4484 contra

3510 4548 3721 4589 omnes
