<?xml version="1.0" encoding="UTF-8"?>
<!DOCTYPE html PUBLIC "-//W3C//DTD XHTML 1.0 Transitional//EN"
    "http://www.w3.org/TR/xhtml1/DTD/xhtml1-transitional.dtd">
<html xmlns="http://www.w3.org/1999/xhtml" xml:lang="en" lang="en">
 <head>
  <title>
</title>
<meta http-equiv="Content-Type" content="text/html;charset=utf-8" />
  <meta name='ocr-system' content='tesseract 3.04.00' />
  <meta name='ocr-capabilities' content='ocr_page ocr_carea ocr_par ocr_line ocrx_word'/>
</head>
<body>
  <div class='ocr_page' id='page_1' title='image "./registrumpriora00butlgoog_0168.png"; bbox 0 0 4295 5410; ppageno 0'>
   <div class='ocr_carea' id='block_1_1' title="bbox 2273 639 2365 708">
    <p class='ocr_par' dir='ltr' id='par_1_1' title="bbox 2273 639 2365 708">
     <span class='ocr_line' id='line_1_1' title="bbox 2273 639 2365 708; baseline -0.011 0"><span class='ocrx_word' id='word_1_1' title='bbox 2273 639 2365 708; x_wconf 88' lang='lat'><strong>86</strong></span> 
     </span>
    </p>
   </div>
   <div class='ocr_carea' id='block_1_2' title="bbox 2267 910 2365 981">
    <p class='ocr_par' dir='ltr' id='par_1_2' title="bbox 2267 910 2365 981">
     <span class='ocr_line' id='line_1_2' title="bbox 2267 910 2365 981; baseline -0.02 0"><span class='ocrx_word' id='word_1_2' title='bbox 2267 910 2365 981; x_wconf 95' lang='grc' dir='ltr'><strong>ΙΙ.</strong></span> 
     </span>
    </p>
   </div>
   <div class='ocr_carea' id='block_1_3' title="bbox 933 1090 3716 1316">
    <p class='ocr_par' dir='ltr' id='par_1_3' title="bbox 933 1090 3716 1316">
     <span class='ocr_line' id='line_1_3' title="bbox 944 1090 3716 1190; baseline 0.001 -23"><span class='ocrx_word' id='word_1_3' title='bbox 944 1090 1088 1190; x_wconf 54' lang='grc' dir='ltr'><strong>[Ἐκ</strong></span> <span class='ocrx_word' id='word_1_4' title='bbox 1125 1106 1284 1169; x_wconf 70' lang='lat' dir='ltr'><strong>tetra</strong></span> <span class='ocrx_word' id='word_1_5' title='bbox 1325 1094 1580 1184; x_wconf 63' lang='lat' dir='ltr'><strong>mugeto</strong></span> <span class='ocrx_word' id='word_1_6' title='bbox 1618 1092 2058 1168; x_wconf 66' lang='lat' dir='ltr'><strong>OEotnuhimsi</strong></span> <span class='ocrx_word' id='word_1_7' title='bbox 2103 1111 2392 1171; x_wconf 70' lang='lat' dir='ltr'><strong>maressa</strong></span> <span class='ocrx_word' id='word_1_8' title='bbox 2438 1115 2541 1187; x_wconf 74' lang='lat' dir='ltr'><strong>ptr</strong></span> <span class='ocrx_word' id='word_1_9' title='bbox 2584 1096 2885 1189; x_wconf 52' lang='lat' dir='ltr'><strong>aptiorem</strong></span> <span class='ocrx_word' id='word_1_10' title='bbox 2936 1094 3274 1169; x_wconf 55' lang='lat' dir='ltr'><strong>&amp;mnium</strong></span> <span class='ocrx_word' id='word_1_11' title='bbox 3315 1094 3716 1180; x_wconf 46' lang='lat' dir='ltr'><strong>&amp;sumntum</strong></span> 
     </span>
     <span class='ocr_line' id='line_1_4' title="bbox 933 1215 1257 1316; baseline -0.003 -23"><span class='ocrx_word' id='word_1_12' title='bbox 933 1215 1257 1316; x_wconf 60' lang='lat' dir='ltr'><strong>mutum]</strong></span> 
     </span>
    </p>
   </div>
   <div class='ocr_carea' id='block_1_4' title="bbox 927 1417 3714 2147">
    <p class='ocr_par' dir='ltr' id='par_1_4' title="bbox 927 1417 3714 2147">
     <span class='ocr_line' id='line_1_5' title="bbox 1122 1417 3714 1508; baseline -0.001 -24"><span class='ocrx_word' id='word_1_13' title='bbox 1122 1418 1400 1485; x_wconf 88' lang='lat' dir='ltr'><strong>Niversis</strong></span> <span class='ocrx_word' id='word_1_14' title='bbox 1447 1417 1684 1483; x_wconf 79' lang='lat' dir='ltr'>Christi</span> <span class='ocrx_word' id='word_1_15' title='bbox 1727 1417 2018 1483; x_wconf 87' lang='lat' dir='ltr'><strong>fidelibus</strong></span> <span class='ocrx_word' id='word_1_16' title='bbox 2068 1418 2151 1482; x_wconf 97' lang='lat' dir='ltr'><strong>ad</strong></span> <span class='ocrx_word' id='word_1_17' title='bbox 2194 1442 2348 1504; x_wconf 87' lang='lat' dir='ltr'><strong>quos</strong></span> <span class='ocrx_word' id='word_1_18' title='bbox 2388 1443 2637 1508; x_wconf 81' lang='lat' dir='ltr'>presens</span> <span class='ocrx_word' id='word_1_19' title='bbox 2687 1419 2990 1507; x_wconf 86' lang='lat' dir='ltr'><strong>scriptum</strong></span> <span class='ocrx_word' id='word_1_20' title='bbox 3038 1417 3411 1505; x_wconf 87' lang='lat' dir='ltr'><strong>pervenerit.</strong></span> <span class='ocrx_word' id='word_1_21' title='bbox 3494 1417 3714 1483; x_wconf 78' lang='lat' dir='ltr'><strong>Frater</strong></span> 
     </span>
     <span class='ocr_line' id='line_1_6' title="bbox 1165 1525 3713 1613; baseline 0 -22"><span class='ocrx_word' id='word_1_22' title='bbox 1165 1526 1469 1591; x_wconf 84' lang='lat' dir='ltr'><strong>Ricardus</strong></span> <span class='ocrx_word' id='word_1_23' title='bbox 1498 1526 1668 1613; x_wconf 90' lang='lat' dir='ltr'><strong>prior</strong></span> <span class='ocrx_word' id='word_1_24' title='bbox 1697 1525 2005 1590; x_wconf 86' lang='lat' dir='ltr'><strong>Omnium</strong></span> <span class='ocrx_word' id='word_1_25' title='bbox 2047 1525 2418 1592; x_wconf 89' lang='lat' dir='ltr'><strong>Sanctorum</strong></span> <span class='ocrx_word' id='word_1_26' title='bbox 2460 1528 2765 1594; x_wconf 90' lang='lat' dir='ltr'><strong>Dublinie</strong></span> <span class='ocrx_word' id='word_1_27' title='bbox 2804 1541 2869 1593; x_wconf 92' lang='lat' dir='ltr'><strong>et</strong></span> <span class='ocrx_word' id='word_1_28' title='bbox 2903 1527 3186 1613; x_wconf 86' lang='lat' dir='ltr'><strong>ejusdem</strong></span> <span class='ocrx_word' id='word_1_29' title='bbox 3214 1526 3339 1591; x_wconf 92' lang='lat' dir='ltr'><strong>loci</strong></span> <span class='ocrx_word' id='word_1_30' title='bbox 3368 1538 3713 1592; x_wconf 85' lang='lat' dir='ltr'><strong>conventus</strong></span> 
     </span>
     <span class='ocr_line' id='line_1_7' title="bbox 928 1631 3711 1701; baseline 0 -3"><span class='ocrx_word' id='word_1_31' title='bbox 928 1633 1189 1698; x_wconf 87' lang='lat' dir='ltr'><strong>salutem</strong></span> <span class='ocrx_word' id='word_1_32' title='bbox 1219 1632 1288 1696; x_wconf 91' lang='lat' dir='ltr'><strong>in</strong></span> <span class='ocrx_word' id='word_1_33' title='bbox 1316 1632 1611 1696; x_wconf 90' lang='lat' dir='ltr'><strong>Domino.</strong></span> <span class='ocrx_word' id='word_1_34' title='bbox 1673 1631 1902 1698; x_wconf 89' lang='lat' dir='ltr'><strong>Vestra</strong></span> <span class='ocrx_word' id='word_1_35' title='bbox 1921 1633 2169 1699; x_wconf 84' lang='lat' dir='ltr'><strong>noverit</strong></span> <span class='ocrx_word' id='word_1_36' title='bbox 2199 1634 2567 1701; x_wconf 76' lang='lat' dir='ltr'><strong>universitas</strong></span> <span class='ocrx_word' id='word_1_37' title='bbox 2597 1658 2708 1699; x_wconf 91' lang='lat' dir='ltr'><strong>nos</strong></span> <span class='ocrx_word' id='word_1_38' title='bbox 2739 1634 2979 1699; x_wconf 82' lang='lat' dir='ltr'><strong>dedisse</strong></span> <span class='ocrx_word' id='word_1_39' title='bbox 3010 1649 3074 1698; x_wconf 91' lang='lat' dir='ltr'><strong>et</strong></span> <span class='ocrx_word' id='word_1_40' title='bbox 3102 1632 3472 1699; x_wconf 83' lang='lat' dir='ltr'><strong>concessisse</strong></span> <span class='ocrx_word' id='word_1_41' title='bbox 3502 1645 3567 1697; x_wconf 90' lang='lat' dir='ltr'><strong>et</strong></span> <span class='ocrx_word' id='word_1_42' title='bbox 3592 1632 3711 1698; x_wconf 87' lang='lat' dir='ltr'><strong>hac</strong></span> 
     </span>
     <span class='ocr_line' id='line_1_8' title="bbox 927 1736 3712 1826; baseline 0 -23"><span class='ocrx_word' id='word_1_43' title='bbox 927 1737 1198 1826; x_wconf 81' lang='lat' dir='ltr'><strong>presenti</strong></span> <span class='ocrx_word' id='word_1_44' title='bbox 1227 1750 1396 1804; x_wconf 84' lang='lat' dir='ltr'><strong>carta</strong></span> <span class='ocrx_word' id='word_1_45' title='bbox 1423 1752 1631 1802; x_wconf 88' lang='lat' dir='ltr'><strong>nostra</strong></span> <span class='ocrx_word' id='word_1_46' title='bbox 1658 1736 2049 1803; x_wconf 88' lang='lat' dir='ltr'><strong>confirmasse</strong></span> <span class='ocrx_word' id='word_1_47' title='bbox 2069 1738 2318 1826; x_wconf 89' lang='lat' dir='ltr'><strong>Rogero</strong></span> <span class='ocrx_word' id='word_1_48' title='bbox 2339 1738 2757 1805; x_wconf 88' lang='lat' dir='ltr'><strong>Cornubiensi</strong></span> <span class='ocrx_word' id='word_1_49' title='bbox 2786 1751 2849 1803; x_wconf 90' lang='lat' dir='ltr'><strong>et</strong></span> <span class='ocrx_word' id='word_1_50' title='bbox 2876 1737 3211 1804; x_wconf 79' lang='lat' dir='ltr'><strong>heredibus</strong></span> <span class='ocrx_word' id='word_1_51' title='bbox 3241 1736 3367 1802; x_wconf 89' lang='lat' dir='ltr'><strong>suis</strong></span> <span class='ocrx_word' id='word_1_52' title='bbox 3398 1737 3712 1823; x_wconf 88' lang='lat' dir='ltr'><strong>quandam</strong></span> 
     </span>
     <span class='ocr_line' id='line_1_9' title="bbox 928 1843 3707 1933; baseline 0.001 -24"><span class='ocrx_word' id='word_1_53' title='bbox 928 1844 1295 1932; x_wconf 71' lang='lat' dir='ltr'><strong>particulam</strong></span> <span class='ocrx_word' id='word_1_54' title='bbox 1321 1857 1478 1909; x_wconf 85' lang='lat' dir='ltr'><strong>terre</strong></span> <span class='ocrx_word' id='word_1_55' title='bbox 1500 1856 1707 1908; x_wconf 90' lang='lat' dir='ltr'><strong>nostre</strong></span> <span class='ocrx_word' id='word_1_56' title='bbox 1730 1843 1799 1908; x_wconf 89' lang='lat' dir='ltr'><strong>in</strong></span> <span class='ocrx_word' id='word_1_57' title='bbox 1823 1843 2120 1910; x_wconf 89' lang='lat' dir='ltr'><strong>suburbio</strong></span> <span class='ocrx_word' id='word_1_58' title='bbox 2146 1845 2452 1910; x_wconf 88' lang='lat' dir='ltr'><strong>Dublinie</strong></span> <span class='ocrx_word' id='word_1_59' title='bbox 2477 1846 2545 1910; x_wconf 87' lang='lat' dir='ltr'><strong>in</strong></span> <span class='ocrx_word' id='word_1_60' title='bbox 2568 1845 2862 1933; x_wconf 88' lang='lat' dir='ltr'><strong>parochia</strong></span> <span class='ocrx_word' id='word_1_61' title='bbox 2887 1846 3113 1912; x_wconf 79' lang='lat' dir='ltr'><strong>Sancte</strong></span> <span class='ocrx_word' id='word_1_62' title='bbox 3136 1846 3339 1912; x_wconf 86' lang='lat' dir='ltr'><strong>Marie</strong></span> <span class='ocrx_word' id='word_1_63' title='bbox 3369 1847 3448 1912; x_wconf 90' lang='lat' dir='ltr'><strong>de</strong></span> <span class='ocrx_word' id='word_1_64' title='bbox 3472 1847 3668 1913; x_wconf 92' lang='lat' dir='ltr'><strong>Hulle</strong></span> <span class='ocrx_word' id='word_1_65' title='bbox 3694 1886 3707 1899; x_wconf 93' lang='lat'><strong>·</strong></span> 
     </span>
     <span class='ocr_line' id='line_1_10' title="bbox 927 1950 3710 2042; baseline 0.002 -27"><span class='ocrx_word' id='word_1_66' title='bbox 927 1950 1224 2017; x_wconf 83' lang='lat' dir='ltr'><strong>videlicet</strong></span> <span class='ocrx_word' id='word_1_67' title='bbox 1251 1964 1479 2017; x_wconf 87' lang='lat' dir='ltr'><strong>terram</strong></span> <span class='ocrx_word' id='word_1_68' title='bbox 1501 1951 1675 2016; x_wconf 89' lang='lat' dir='ltr'><strong>illam</strong></span> <span class='ocrx_word' id='word_1_69' title='bbox 1695 1975 1816 2037; x_wconf 90' lang='lat' dir='ltr'><strong>que</strong></span> <span class='ocrx_word' id='word_1_70' title='bbox 1837 1952 2008 2036; x_wconf 86' lang='lat' dir='ltr'><strong>jacet</strong></span> <span class='ocrx_word' id='word_1_71' title='bbox 2035 1951 2201 2018; x_wconf 87' lang='lat' dir='ltr'><strong>inter</strong></span> <span class='ocrx_word' id='word_1_72' title='bbox 2222 1965 2449 2019; x_wconf 84' lang='lat' dir='ltr'><strong>terram</strong></span> <span class='ocrx_word' id='word_1_73' title='bbox 2468 1953 2705 2042; x_wconf 90' lang='lat' dir='ltr'><strong>Rogeri</strong></span> <span class='ocrx_word' id='word_1_74' title='bbox 2723 1952 3167 2019; x_wconf 88' lang='lat' dir='ltr'><strong>Cornubiensis</strong></span> <span class='ocrx_word' id='word_1_75' title='bbox 3188 1978 3275 2018; x_wconf 84' lang='lat' dir='ltr'><strong>ex</strong></span> <span class='ocrx_word' id='word_1_76' title='bbox 3296 1978 3424 2018; x_wconf 81' lang='lat' dir='ltr'><strong>una</strong></span> <span class='ocrx_word' id='word_1_77' title='bbox 3444 1967 3617 2040; x_wconf 88' lang='lat' dir='ltr'><strong>parte</strong></span> <span class='ocrx_word' id='word_1_78' title='bbox 3646 1967 3710 2020; x_wconf 91' lang='lat' dir='ltr'><strong>et</strong></span> 
     </span>
     <span class='ocr_line' id='line_1_11' title="bbox 927 2055 3713 2147; baseline 0.001 -26"><span class='ocrx_word' id='word_1_79' title='bbox 927 2071 1154 2123; x_wconf 89' lang='lat' dir='ltr'><strong>terram</strong></span> <span class='ocrx_word' id='word_1_80' title='bbox 1187 2082 1310 2142; x_wconf 89' lang='lat' dir='ltr'><strong>que</strong></span> <span class='ocrx_word' id='word_1_81' title='bbox 1341 2056 1466 2121; x_wconf 86' lang='lat' dir='ltr'><strong>fuit</strong></span> <span class='ocrx_word' id='word_1_82' title='bbox 1493 2055 1822 2121; x_wconf 89' lang='lat' dir='ltr'><strong>Hamundi</strong></span> <span class='ocrx_word' id='word_1_83' title='bbox 1859 2056 2033 2120; x_wconf 88' lang='lat' dir='ltr'><strong>Ruffi</strong></span> <span class='ocrx_word' id='word_1_84' title='bbox 2074 2080 2160 2121; x_wconf 82' lang='lat' dir='ltr'><strong>ex</strong></span> <span class='ocrx_word' id='word_1_85' title='bbox 2199 2056 2391 2122; x_wconf 89' lang='lat' dir='ltr'><strong>altera</strong></span> <span class='ocrx_word' id='word_1_86' title='bbox 2423 2096 2436 2108; x_wconf 93' lang='lat'><strong>·</strong></span> <span class='ocrx_word' id='word_1_87' title='bbox 2470 2071 2534 2123; x_wconf 91' lang='lat' dir='ltr'><strong>et</strong></span> <span class='ocrx_word' id='word_1_88' title='bbox 2579 2057 2860 2123; x_wconf 88' lang='lat' dir='ltr'><strong>continet</strong></span> <span class='ocrx_word' id='word_1_89' title='bbox 2892 2058 2961 2121; x_wconf 89' lang='lat' dir='ltr'><strong>in</strong></span> <span class='ocrx_word' id='word_1_90' title='bbox 2993 2056 3199 2123; x_wconf 88' lang='lat' dir='ltr'><strong>fronte</strong></span> <span class='ocrx_word' id='word_1_91' title='bbox 3236 2058 3496 2147; x_wconf 88' lang='lat' dir='ltr'><strong>triginta</strong></span> <span class='ocrx_word' id='word_1_92' title='bbox 3523 2059 3713 2147; x_wconf 86' lang='lat' dir='ltr'><strong>pedes</strong></span> 
     </span>
    </p>
   </div>
   <div class='ocr_carea' id='block_1_5' title="bbox 924 2163 3710 2360">
    <p class='ocr_par' dir='ltr' id='par_1_5' title="bbox 924 2163 3710 2360">
     <span class='ocr_line' id='line_1_12' title="bbox 926 2163 3707 2253; baseline 0.001 -24"><span class='ocrx_word' id='word_1_93' title='bbox 926 2190 1140 2231; x_wconf 85' lang='lat' dir='ltr'><strong>versus</strong></span> <span class='ocrx_word' id='word_1_94' title='bbox 1169 2163 1499 2230; x_wconf 87' lang='lat' dir='ltr'><strong>australem</strong></span> <span class='ocrx_word' id='word_1_95' title='bbox 1522 2178 1763 2251; x_wconf 87' lang='lat' dir='ltr'><strong>partem</strong></span> <span class='ocrx_word' id='word_1_96' title='bbox 1793 2178 1857 2229; x_wconf 93' lang='lat' dir='ltr'><strong>et</strong></span> <span class='ocrx_word' id='word_1_97' title='bbox 1885 2164 2068 2229; x_wconf 87' lang='lat' dir='ltr'><strong>durat</strong></span> <span class='ocrx_word' id='word_1_98' title='bbox 2095 2164 2165 2228; x_wconf 88' lang='lat' dir='ltr'><strong>in</strong></span> <span class='ocrx_word' id='word_1_99' title='bbox 2192 2164 2455 2253; x_wconf 90' lang='lat' dir='ltr'><strong>longum</strong></span> <span class='ocrx_word' id='word_1_100' title='bbox 2483 2189 2697 2231; x_wconf 85' lang='lat' dir='ltr'><strong>versus</strong></span> <span class='ocrx_word' id='word_1_101' title='bbox 2740 2165 3099 2251; x_wconf 84' lang='lat' dir='ltr'><strong>aquilonem</strong></span> <span class='ocrx_word' id='word_1_102' title='bbox 3134 2188 3333 2251; x_wconf 87' lang='lat' dir='ltr'><strong>usque</strong></span> <span class='ocrx_word' id='word_1_103' title='bbox 3373 2165 3454 2230; x_wconf 89' lang='lat' dir='ltr'><strong>ad</strong></span> <span class='ocrx_word' id='word_1_104' title='bbox 3483 2179 3707 2231; x_wconf 85' lang='lat' dir='ltr'><strong>terram</strong></span> 
     </span>
     <span class='ocr_line' id='line_1_13' title="bbox 924 2268 3710 2360; baseline -0 -24"><span class='ocrx_word' id='word_1_105' title='bbox 924 2272 1189 2360; x_wconf 82' lang='lat' dir='ltr'><strong>predicti</strong></span> <span class='ocrx_word' id='word_1_106' title='bbox 1231 2270 1560 2336; x_wconf 88' lang='lat' dir='ltr'><strong>Hamundi</strong></span> <span class='ocrx_word' id='word_1_107' title='bbox 1604 2269 1794 2334; x_wconf 89' lang='lat' dir='ltr'><strong>Ruffi.</strong></span> <span class='ocrx_word' id='word_1_108' title='bbox 1885 2268 2255 2333; x_wconf 85' lang='lat' dir='ltr'><strong>Tenendam</strong></span> <span class='ocrx_word' id='word_1_109' title='bbox 2300 2282 2365 2334; x_wconf 88' lang='lat' dir='ltr'><strong>et</strong></span> <span class='ocrx_word' id='word_1_110' title='bbox 2408 2269 2761 2335; x_wconf 84' lang='lat' dir='ltr'><strong>habendam</strong></span> <span class='ocrx_word' id='word_1_111' title='bbox 2806 2269 2887 2335; x_wconf 91' lang='lat' dir='ltr'><strong>de</strong></span> <span class='ocrx_word' id='word_1_112' title='bbox 2928 2270 3109 2336; x_wconf 91' lang='lat' dir='ltr'><strong>nobis</strong></span> <span class='ocrx_word' id='word_1_113' title='bbox 3153 2283 3217 2335; x_wconf 93' lang='lat' dir='ltr'><strong>et</strong></span> <span class='ocrx_word' id='word_1_114' title='bbox 3258 2270 3710 2335; x_wconf 86' lang='lat' dir='ltr'><strong>successoribus</strong></span> 
     </span>
    </p>
   </div>
   <div class='ocr_carea' id='block_1_6' title="bbox 921 2376 3709 3002">
    <p class='ocr_par' dir='ltr' id='par_1_6' title="bbox 921 2376 3709 3002">
     <span class='ocr_line' id='line_1_14' title="bbox 923 2376 3707 2465; baseline -0.001 -23"><span class='ocrx_word' id='word_1_115' title='bbox 923 2379 1146 2444; x_wconf 88' lang='lat' dir='ltr'><strong>nostris</strong></span> <span class='ocrx_word' id='word_1_116' title='bbox 1175 2378 1295 2444; x_wconf 90' lang='lat' dir='ltr'><strong>sibi</strong></span> <span class='ocrx_word' id='word_1_117' title='bbox 1324 2390 1389 2443; x_wconf 87' lang='lat' dir='ltr'><strong>et</strong></span> <span class='ocrx_word' id='word_1_118' title='bbox 1414 2378 1750 2443; x_wconf 85' lang='lat' dir='ltr'><strong>heredibus</strong></span> <span class='ocrx_word' id='word_1_119' title='bbox 1775 2376 1901 2441; x_wconf 87' lang='lat' dir='ltr'><strong>suis</strong></span> <span class='ocrx_word' id='word_1_120' title='bbox 1934 2415 1946 2427; x_wconf 92' lang='lat'><strong>·</strong></span> <span class='ocrx_word' id='word_1_121' title='bbox 1980 2376 2177 2442; x_wconf 89' lang='lat' dir='ltr'><strong>libere</strong></span> <span class='ocrx_word' id='word_1_122' title='bbox 2207 2390 2271 2442; x_wconf 91' lang='lat' dir='ltr'><strong>et</strong></span> <span class='ocrx_word' id='word_1_123' title='bbox 2300 2378 2511 2463; x_wconf 87' lang='lat' dir='ltr'><strong>quiete</strong></span> <span class='ocrx_word' id='word_1_124' title='bbox 2538 2377 2781 2465; x_wconf 82' lang='lat' dir='ltr'><strong>integre</strong></span> <span class='ocrx_word' id='word_1_125' title='bbox 2811 2390 2875 2443; x_wconf 87' lang='lat' dir='ltr'><strong>et</strong></span> <span class='ocrx_word' id='word_1_126' title='bbox 2902 2376 3177 2465; x_wconf 87' lang='lat' dir='ltr'><strong>plenarie</strong></span> <span class='ocrx_word' id='word_1_127' title='bbox 3205 2389 3270 2443; x_wconf 90' lang='lat' dir='ltr'><strong>et</strong></span> <span class='ocrx_word' id='word_1_128' title='bbox 3288 2378 3435 2462; x_wconf 87' lang='lat' dir='ltr'><strong>jure</strong></span> <span class='ocrx_word' id='word_1_129' title='bbox 3462 2376 3707 2441; x_wconf 90' lang='lat' dir='ltr'><strong>heredi-</strong></span> 
     </span>
     <span class='ocr_line' id='line_1_15' title="bbox 925 2481 3705 2573; baseline -0.004 -20"><span class='ocrx_word' id='word_1_130' title='bbox 925 2488 1080 2553; x_wconf 86' lang='lat' dir='ltr'><strong>tario</strong></span> <span class='ocrx_word' id='word_1_131' title='bbox 1111 2488 1272 2555; x_wconf 87' lang='lat' dir='ltr'><strong>sicut</strong></span> <span class='ocrx_word' id='word_1_132' title='bbox 1311 2500 1538 2552; x_wconf 83' lang='lat' dir='ltr'><strong>terram</strong></span> <span class='ocrx_word' id='word_1_133' title='bbox 1567 2486 1748 2552; x_wconf 89' lang='lat' dir='ltr'><strong>liberi</strong></span> <span class='ocrx_word' id='word_1_134' title='bbox 1777 2484 2084 2573; x_wconf 86' lang='lat' dir='ltr'><strong>burgagii.</strong></span> <span class='ocrx_word' id='word_1_135' title='bbox 2176 2485 2525 2551; x_wconf 87' lang='lat' dir='ltr'><strong>Reddendo</strong></span> <span class='ocrx_word' id='word_1_136' title='bbox 2554 2485 2703 2550; x_wconf 90' lang='lat' dir='ltr'><strong>inde</strong></span> <span class='ocrx_word' id='word_1_137' title='bbox 2741 2484 3065 2550; x_wconf 82' lang='lat' dir='ltr'><strong>annuatim</strong></span> <span class='ocrx_word' id='word_1_138' title='bbox 3108 2484 3263 2548; x_wconf 90' lang='lat' dir='ltr'><strong>duos</strong></span> <span class='ocrx_word' id='word_1_139' title='bbox 3298 2481 3526 2547; x_wconf 90' lang='lat' dir='ltr'><strong>solidos</strong></span> <span class='ocrx_word' id='word_1_140' title='bbox 3556 2492 3705 2545; x_wconf 89' lang='lat' dir='ltr'><strong>ster-</strong></span> 
     </span>
     <span class='ocr_line' id='line_1_16' title="bbox 925 2589 3707 2683; baseline -0.002 -24"><span class='ocrx_word' id='word_1_141' title='bbox 925 2595 1242 2683; x_wconf 88' lang='lat' dir='ltr'><strong>lingorum</strong></span> <span class='ocrx_word' id='word_1_142' title='bbox 1273 2595 1352 2658; x_wconf 89' lang='lat' dir='ltr'><strong>ad</strong></span> <span class='ocrx_word' id='word_1_143' title='bbox 1383 2594 1538 2658; x_wconf 88' lang='lat' dir='ltr'><strong>duos</strong></span> <span class='ocrx_word' id='word_1_144' title='bbox 1565 2593 1862 2658; x_wconf 86' lang='lat' dir='ltr'><strong>terminos</strong></span> <span class='ocrx_word' id='word_1_145' title='bbox 1901 2594 2049 2658; x_wconf 92' lang='lat' dir='ltr'><strong>anni</strong></span> <span class='ocrx_word' id='word_1_146' title='bbox 2079 2628 2093 2642; x_wconf 94' lang='lat'><strong>·</strong></span> <span class='ocrx_word' id='word_1_147' title='bbox 2127 2594 2425 2660; x_wconf 84' lang='lat' dir='ltr'><strong>videlicet</strong></span> <span class='ocrx_word' id='word_1_148' title='bbox 2455 2594 2571 2680; x_wconf 83' lang='lat' dir='ltr'><strong>xij.</strong></span> <span class='ocrx_word' id='word_1_149' title='bbox 2603 2594 2887 2660; x_wconf 89' lang='lat' dir='ltr'><strong>denarios</strong></span> <span class='ocrx_word' id='word_1_150' title='bbox 2918 2592 2999 2658; x_wconf 86' lang='lat' dir='ltr'><strong>ad</strong></span> <span class='ocrx_word' id='word_1_151' title='bbox 3015 2591 3320 2658; x_wconf 86' lang='lat' dir='ltr'><strong>Pascham</strong></span> <span class='ocrx_word' id='word_1_152' title='bbox 3350 2603 3415 2656; x_wconf 90' lang='lat' dir='ltr'><strong>et</strong></span> <span class='ocrx_word' id='word_1_153' title='bbox 3441 2589 3707 2654; x_wconf 90' lang='lat' dir='ltr'><strong>totidem</strong></span> 
     </span>
     <span class='ocr_line' id='line_1_17' title="bbox 925 2697 3702 2789; baseline -0.003 -21"><span class='ocrx_word' id='word_1_154' title='bbox 925 2702 1004 2768; x_wconf 85' lang='lat' dir='ltr'><strong>ad</strong></span> <span class='ocrx_word' id='word_1_155' title='bbox 1032 2701 1259 2768; x_wconf 88' lang='lat' dir='ltr'><strong>festum</strong></span> <span class='ocrx_word' id='word_1_156' title='bbox 1293 2699 1506 2767; x_wconf 84' lang='lat' dir='ltr'><strong>Sancti</strong></span> <span class='ocrx_word' id='word_1_157' title='bbox 1537 2698 1868 2766; x_wconf 89' lang='lat' dir='ltr'><strong>Michaelis</strong></span> <span class='ocrx_word' id='word_1_158' title='bbox 1897 2723 2009 2789; x_wconf 91' lang='lat' dir='ltr'><strong>pro</strong></span> <span class='ocrx_word' id='word_1_159' title='bbox 2041 2699 2215 2766; x_wconf 93' lang='lat' dir='ltr'><strong>omni</strong></span> <span class='ocrx_word' id='word_1_160' title='bbox 2243 2700 2496 2767; x_wconf 85' lang='lat' dir='ltr'><strong>servitio</strong></span> <span class='ocrx_word' id='word_1_161' title='bbox 2526 2699 2856 2766; x_wconf 85' lang='lat' dir='ltr'><strong>exactione</strong></span> <span class='ocrx_word' id='word_1_162' title='bbox 2884 2715 2949 2766; x_wconf 88' lang='lat' dir='ltr'><strong>et</strong></span> <span class='ocrx_word' id='word_1_163' title='bbox 2987 2697 3297 2764; x_wconf 89' lang='lat' dir='ltr'><strong>demanda</strong></span> <span class='ocrx_word' id='word_1_164' title='bbox 3343 2735 3356 2749; x_wconf 90' lang='lat'><strong>·</strong></span> <span class='ocrx_word' id='word_1_165' title='bbox 3402 2708 3466 2762; x_wconf 93' lang='lat' dir='ltr'><strong>et</strong></span> <span class='ocrx_word' id='word_1_166' title='bbox 3497 2746 3702 2761; x_wconf 94' lang='grc'><strong>.....</strong></span> 
     </span>
     <span class='ocr_line' id='line_1_18' title="bbox 925 2799 3709 2897; baseline -0.004 -21"><span class='ocrx_word' id='word_1_167' title='bbox 925 2810 1133 2876; x_wconf 86' lang='lat' dir='ltr'><strong>atione</strong></span> <span class='ocrx_word' id='word_1_168' title='bbox 1154 2808 1458 2874; x_wconf 88' lang='lat' dir='ltr'><strong>heredum</strong></span> <span class='ocrx_word' id='word_1_169' title='bbox 1482 2807 1810 2873; x_wconf 86' lang='lat' dir='ltr'><strong>dimidiam</strong></span> <span class='ocrx_word' id='word_1_170' title='bbox 1838 2807 2064 2874; x_wconf 86' lang='lat' dir='ltr'><strong>libram</strong></span> <span class='ocrx_word' id='word_1_171' title='bbox 2092 2808 2334 2897; x_wconf 85' lang='lat' dir='ltr'><strong>cymini</strong></span> <span class='ocrx_word' id='word_1_172' title='bbox 2363 2809 2442 2875; x_wconf 90' lang='lat' dir='ltr'><strong>de</strong></span> <span class='ocrx_word' id='word_1_173' title='bbox 2472 2808 2917 2897; x_wconf 86' lang='lat' dir='ltr'><strong>recognitione.</strong></span> <span class='ocrx_word' id='word_1_174' title='bbox 2982 2805 3052 2872; x_wconf 92' lang='lat' dir='ltr'><strong>Si</strong></span> <span class='ocrx_word' id='word_1_175' title='bbox 3080 2829 3231 2870; x_wconf 85' lang='lat' dir='ltr'><strong>vero</strong></span> <span class='ocrx_word' id='word_1_176' title='bbox 3262 2803 3465 2868; x_wconf 88' lang='lat' dir='ltr'><strong>dictus</strong></span> <span class='ocrx_word' id='word_1_177' title='bbox 3495 2801 3573 2866; x_wconf 89' lang='lat' dir='ltr'><strong>R.</strong></span> <span class='ocrx_word' id='word_1_178' title='bbox 3604 2799 3709 2866; x_wconf 83' lang='lat' dir='ltr'><strong>vel</strong></span> 
     </span>
     <span class='ocr_line' id='line_1_19' title="bbox 921 2905 3709 3002; baseline -0.005 -20"><span class='ocrx_word' id='word_1_179' title='bbox 921 2915 1182 2982; x_wconf 89' lang='lat' dir='ltr'><strong>heredes</strong></span> <span class='ocrx_word' id='word_1_180' title='bbox 1213 2913 1310 2980; x_wconf 87' lang='lat' dir='ltr'><strong>sui</strong></span> <span class='ocrx_word' id='word_1_181' title='bbox 1339 2926 1480 3002; x_wconf 90' lang='lat' dir='ltr'><strong>post</strong></span> <span class='ocrx_word' id='word_1_182' title='bbox 1507 2913 1714 3000; x_wconf 88' lang='lat' dir='ltr'><strong>ipsum</strong></span> <span class='ocrx_word' id='word_1_183' title='bbox 1744 2912 1978 2978; x_wconf 88' lang='lat' dir='ltr'><strong>dictam</strong></span> <span class='ocrx_word' id='word_1_184' title='bbox 2006 2925 2234 2978; x_wconf 89' lang='lat' dir='ltr'><strong>terram</strong></span> <span class='ocrx_word' id='word_1_185' title='bbox 2264 2913 2532 2980; x_wconf 82' lang='lat' dir='ltr'><strong>alienare</strong></span> <span class='ocrx_word' id='word_1_186' title='bbox 2564 2913 2889 2978; x_wconf 83' lang='lat' dir='ltr'><strong>voluerint</strong></span> <span class='ocrx_word' id='word_1_187' title='bbox 2919 2948 2934 2962; x_wconf 90' lang='lat'><strong>·</strong></span> <span class='ocrx_word' id='word_1_188' title='bbox 2964 2909 3168 2998; x_wconf 91' lang='lat' dir='ltr'><strong>primo</strong></span> <span class='ocrx_word' id='word_1_189' title='bbox 3204 2907 3386 2973; x_wconf 89' lang='lat' dir='ltr'><strong>nobis</strong></span> <span class='ocrx_word' id='word_1_190' title='bbox 3415 2905 3709 2971; x_wconf 86' lang='lat' dir='ltr'><strong>offeratur</strong></span> 
     </span>
    </p>
   </div>
   <div class='ocr_carea' id='block_1_7' title="bbox 919 3012 3705 3722">
    <p class='ocr_par' dir='ltr' id='par_1_7' title="bbox 919 3012 3705 3722">
     <span class='ocr_line' id='line_1_20' title="bbox 921 3012 3704 3110; baseline -0.004 -22"><span class='ocrx_word' id='word_1_191' title='bbox 921 3046 1036 3110; x_wconf 89' lang='lat' dir='ltr'><strong>pro</strong></span> <span class='ocrx_word' id='word_1_192' title='bbox 1066 3021 1286 3088; x_wconf 91' lang='lat' dir='ltr'><strong>eodem</strong></span> <span class='ocrx_word' id='word_1_193' title='bbox 1315 3020 1516 3108; x_wconf 87' lang='lat' dir='ltr'><strong>pretio</strong></span> <span class='ocrx_word' id='word_1_194' title='bbox 1547 3045 1672 3106; x_wconf 90' lang='lat' dir='ltr'><strong>quo</strong></span> <span class='ocrx_word' id='word_1_195' title='bbox 1703 3020 1859 3086; x_wconf 89' lang='lat' dir='ltr'><strong>alius</strong></span> <span class='ocrx_word' id='word_1_196' title='bbox 1887 3045 2025 3086; x_wconf 89' lang='lat' dir='ltr'><strong>eam</strong></span> <span class='ocrx_word' id='word_1_197' title='bbox 2054 3022 2284 3088; x_wconf 91' lang='lat' dir='ltr'><strong>habere</strong></span> <span class='ocrx_word' id='word_1_198' title='bbox 2313 3023 2559 3110; x_wconf 90' lang='lat' dir='ltr'><strong>poterit.</strong></span> <span class='ocrx_word' id='word_1_199' title='bbox 2621 3021 2812 3102; x_wconf 84' lang='lat' dir='ltr'><strong>Quod</strong></span> <span class='ocrx_word' id='word_1_200' title='bbox 2838 3022 2891 3086; x_wconf 90' lang='lat' dir='ltr'><strong>si</strong></span> <span class='ocrx_word' id='word_1_201' title='bbox 2920 3043 3057 3086; x_wconf 89' lang='lat' dir='ltr'><strong>eam</strong></span> <span class='ocrx_word' id='word_1_202' title='bbox 3076 3017 3169 3083; x_wconf 84' lang='lat' dir='ltr'><strong>ita</strong></span> <span class='ocrx_word' id='word_1_203' title='bbox 3194 3016 3459 3082; x_wconf 88' lang='lat' dir='ltr'><strong>retinere</strong></span> <span class='ocrx_word' id='word_1_204' title='bbox 3488 3012 3704 3078; x_wconf 89' lang='lat' dir='ltr'><strong>nolue-</strong></span> 
     </span>
     <span class='ocr_line' id='line_1_21' title="bbox 921 3117 3703 3194; baseline -0.005 0"><span class='ocrx_word' id='word_1_205' title='bbox 921 3130 1118 3194; x_wconf 87' lang='lat' dir='ltr'><strong>rimus</strong></span> <span class='ocrx_word' id='word_1_206' title='bbox 1151 3167 1165 3180; x_wconf 94' lang='lat'><strong>·</strong></span> <span class='ocrx_word' id='word_1_207' title='bbox 1195 3127 1427 3194; x_wconf 83' lang='lat' dir='ltr'><strong>faciant</strong></span> <span class='ocrx_word' id='word_1_208' title='bbox 1456 3126 1747 3192; x_wconf 87' lang='lat' dir='ltr'><strong>dominus</strong></span> <span class='ocrx_word' id='word_1_209' title='bbox 1777 3125 1855 3190; x_wconf 89' lang='lat' dir='ltr'><strong>R.</strong></span> <span class='ocrx_word' id='word_1_210' title='bbox 1887 3138 1952 3191; x_wconf 92' lang='lat' dir='ltr'><strong>et</strong></span> <span class='ocrx_word' id='word_1_211' title='bbox 1978 3126 2239 3192; x_wconf 83' lang='lat' dir='ltr'><strong>heredes</strong></span> <span class='ocrx_word' id='word_1_212' title='bbox 2267 3127 2364 3191; x_wconf 88' lang='lat' dir='ltr'><strong>sui</strong></span> <span class='ocrx_word' id='word_1_213' title='bbox 2393 3127 2647 3192; x_wconf 85' lang='lat' dir='ltr'><strong>libitum</strong></span> <span class='ocrx_word' id='word_1_214' title='bbox 2684 3149 2867 3190; x_wconf 89' lang='lat' dir='ltr'><strong>suum</strong></span> <span class='ocrx_word' id='word_1_215' title='bbox 2896 3124 2975 3190; x_wconf 87' lang='lat' dir='ltr'><strong>de</strong></span> <span class='ocrx_word' id='word_1_216' title='bbox 3006 3123 3174 3188; x_wconf 89' lang='lat' dir='ltr'><strong>dicta</strong></span> <span class='ocrx_word' id='word_1_217' title='bbox 3201 3133 3365 3186; x_wconf 88' lang='lat' dir='ltr'><strong>terra</strong></span> <span class='ocrx_word' id='word_1_218' title='bbox 3393 3118 3563 3184; x_wconf 87' lang='lat' dir='ltr'><strong>salvo</strong></span> <span class='ocrx_word' id='word_1_219' title='bbox 3594 3117 3703 3181; x_wconf 93' lang='lat' dir='ltr'><strong>do-</strong></span> 
     </span>
     <span class='ocr_line' id='line_1_22' title="bbox 921 3224 3701 3317; baseline -0.003 -21"><span class='ocrx_word' id='word_1_220' title='bbox 921 3232 1058 3298; x_wconf 90' lang='lat' dir='ltr'><strong>mui</strong></span> <span class='ocrx_word' id='word_1_221' title='bbox 1102 3243 1312 3297; x_wconf 90' lang='lat' dir='ltr'><strong>nostro</strong></span> <span class='ocrx_word' id='word_1_222' title='bbox 1360 3229 1613 3295; x_wconf 88' lang='lat' dir='ltr'><strong>redditu</strong></span> <span class='ocrx_word' id='word_1_223' title='bbox 1661 3227 2114 3316; x_wconf 88' lang='lat' dir='ltr'><strong>prenominato.</strong></span> <span class='ocrx_word' id='word_1_224' title='bbox 2197 3229 2291 3296; x_wconf 90' lang='lat' dir='ltr'><strong>Ut</strong></span> <span class='ocrx_word' id='word_1_225' title='bbox 2334 3229 2533 3317; x_wconf 85' lang='lat' dir='ltr'><strong>igitur</strong></span> <span class='ocrx_word' id='word_1_226' title='bbox 2584 3230 2703 3296; x_wconf 90' lang='lat' dir='ltr'><strong>hec</strong></span> <span class='ocrx_word' id='word_1_227' title='bbox 2752 3241 2963 3295; x_wconf 90' lang='lat' dir='ltr'><strong>nostra</strong></span> <span class='ocrx_word' id='word_1_228' title='bbox 3017 3239 3227 3293; x_wconf 87' lang='lat' dir='ltr'><strong>nostra</strong></span> <span class='ocrx_word' id='word_1_229' title='bbox 3271 3224 3526 3290; x_wconf 92' lang='lat' dir='ltr'><strong>donatio</strong></span> <span class='ocrx_word' id='word_1_230' title='bbox 3574 3225 3701 3309; x_wconf 90' lang='lat' dir='ltr'><strong>[et]</strong></span> 
     </span>
     <span class='ocr_line' id='line_1_23' title="bbox 925 3327 3705 3424; baseline -0.003 -21"><span class='ocrx_word' id='word_1_231' title='bbox 925 3336 1238 3403; x_wconf 88' lang='lat' dir='ltr'><strong>concessio</strong></span> <span class='ocrx_word' id='word_1_232' title='bbox 1284 3337 1476 3401; x_wconf 91' lang='lat' dir='ltr'><strong>robur</strong></span> <span class='ocrx_word' id='word_1_233' title='bbox 1524 3335 1804 3400; x_wconf 84' lang='lat' dir='ltr'><strong>obtineat</strong></span> <span class='ocrx_word' id='word_1_234' title='bbox 1849 3333 2112 3400; x_wconf 88' lang='lat' dir='ltr'><strong>firmiter</strong></span> <span class='ocrx_word' id='word_1_235' title='bbox 2150 3335 2219 3400; x_wconf 90' lang='lat' dir='ltr'><strong>in</strong></span> <span class='ocrx_word' id='word_1_236' title='bbox 2262 3349 2637 3424; x_wconf 87' lang='lat' dir='ltr'><strong>perpetuum</strong></span> <span class='ocrx_word' id='word_1_237' title='bbox 2686 3335 2960 3424; x_wconf 88' lang='lat' dir='ltr'><strong>presenti</strong></span> <span class='ocrx_word' id='word_1_238' title='bbox 3004 3332 3234 3420; x_wconf 80' lang='lat' dir='ltr'><strong>scripto</strong></span> <span class='ocrx_word' id='word_1_239' title='bbox 3279 3329 3470 3418; x_wconf 83' lang='lat' dir='ltr'><strong>sigilli</strong></span> <span class='ocrx_word' id='word_1_240' title='bbox 3508 3327 3705 3394; x_wconf 83' lang='lat' dir='ltr'><strong>nostri</strong></span> 
     </span>
     <span class='ocr_line' id='line_1_24' title="bbox 919 3435 3705 3531; baseline -0.002 -23"><span class='ocrx_word' id='word_1_241' title='bbox 919 3441 1389 3531; x_wconf 87' lang='lat' dir='ltr'><strong>impressionem</strong></span> <span class='ocrx_word' id='word_1_242' title='bbox 1419 3439 1607 3528; x_wconf 89' lang='lat' dir='ltr'><strong>aponi</strong></span> <span class='ocrx_word' id='word_1_243' title='bbox 1635 3438 1912 3506; x_wconf 79' lang='lat' dir='ltr'><strong>fecimus,</strong></span> <span class='ocrx_word' id='word_1_244' title='bbox 2000 3438 2147 3504; x_wconf 90' lang='lat' dir='ltr'><strong>Hiis</strong></span> <span class='ocrx_word' id='word_1_245' title='bbox 2177 3440 2437 3506; x_wconf 85' lang='lat' dir='ltr'><strong>testibus</strong></span> <span class='ocrx_word' id='word_1_246' title='bbox 2470 3479 2483 3492; x_wconf 93' lang='lat'>·</span> <span class='ocrx_word' id='word_1_247' title='bbox 2520 3440 2837 3528; x_wconf 87' lang='lat' dir='ltr'><strong>Stephano</strong></span> <span class='ocrx_word' id='word_1_248' title='bbox 2868 3441 2947 3506; x_wconf 85' lang='lat' dir='ltr'><strong>de</strong></span> <span class='ocrx_word' id='word_1_249' title='bbox 2974 3439 3037 3506; x_wconf 87' lang='lat' dir='ltr'><strong>la</strong></span> <span class='ocrx_word' id='word_1_250' title='bbox 3064 3439 3247 3504; x_wconf 91' lang='lat' dir='ltr'><strong>More</strong></span> <span class='ocrx_word' id='word_1_251' title='bbox 3278 3489 3293 3503; x_wconf 93' lang='lat'><strong>.</strong></span> <span class='ocrx_word' id='word_1_252' title='bbox 3324 3435 3595 3502; x_wconf 87' lang='lat' dir='ltr'><strong>Radulfo</strong></span> <span class='ocrx_word' id='word_1_253' title='bbox 3625 3435 3705 3502; x_wconf 86' lang='lat' dir='ltr'><strong>de</strong></span> 
     </span>
     <span class='ocr_line' id='line_1_25' title="bbox 923 3541 3703 3616; baseline -0.004 0"><span class='ocrx_word' id='word_1_254' title='bbox 923 3549 1133 3616; x_wconf 89' lang='lat' dir='ltr'><strong>Forda</strong></span> <span class='ocrx_word' id='word_1_255' title='bbox 1163 3586 1176 3600; x_wconf 93' lang='lat'><strong>·</strong></span> <span class='ocrx_word' id='word_1_256' title='bbox 1208 3547 1493 3613; x_wconf 87' lang='lat' dir='ltr'><strong>Waltero</strong></span> <span class='ocrx_word' id='word_1_257' title='bbox 1527 3544 1856 3612; x_wconf 85' lang='lat' dir='ltr'><strong>Sesewode</strong></span> <span class='ocrx_word' id='word_1_258' title='bbox 1896 3583 1910 3596; x_wconf 94' lang='lat'><strong>·</strong></span> <span class='ocrx_word' id='word_1_259' title='bbox 1958 3544 2234 3612; x_wconf 87' lang='lat' dir='ltr'><strong>Roberto</strong></span> <span class='ocrx_word' id='word_1_260' title='bbox 2262 3559 2511 3614; x_wconf 80' lang='lat' dir='ltr'><strong>textore</strong></span> <span class='ocrx_word' id='word_1_261' title='bbox 2549 3586 2565 3600; x_wconf 92' lang='lat'><strong>·</strong></span> <span class='ocrx_word' id='word_1_262' title='bbox 2606 3546 2887 3614; x_wconf 76' lang='lat' dir='ltr'><strong>Hem-ico</strong></span> <span class='ocrx_word' id='word_1_263' title='bbox 2916 3547 2996 3613; x_wconf 89' lang='lat' dir='ltr'><strong>de</strong></span> <span class='ocrx_word' id='word_1_264' title='bbox 3026 3544 3227 3612; x_wconf 85' lang='lat' dir='ltr'><strong>Hulla</strong></span> <span class='ocrx_word' id='word_1_265' title='bbox 3258 3583 3271 3597; x_wconf 93' lang='lat'><strong>·</strong></span> <span class='ocrx_word' id='word_1_266' title='bbox 3303 3544 3346 3610; x_wconf 88' lang='lat' dir='ltr'><strong>J</strong></span> <span class='ocrx_word' id='word_1_267' title='bbox 3349 3543 3592 3610; x_wconf 86' lang='lat' dir='ltr'><strong>ohanne</strong></span> <span class='ocrx_word' id='word_1_268' title='bbox 3623 3541 3703 3607; x_wconf 90' lang='lat' dir='ltr'><strong>de</strong></span> 
     </span>
     <span class='ocr_line' id='line_1_26' title="bbox 921 3649 2232 3722; baseline -0.003 -1"><span class='ocrx_word' id='word_1_269' title='bbox 921 3655 1122 3722; x_wconf 91' lang='lat' dir='ltr'><strong>Hulla</strong></span> <span class='ocrx_word' id='word_1_270' title='bbox 1153 3694 1166 3707; x_wconf 93' lang='lat'><strong>·</strong></span> <span class='ocrx_word' id='word_1_271' title='bbox 1203 3653 1458 3722; x_wconf 90' lang='lat' dir='ltr'><strong>Simone</strong></span> <span class='ocrx_word' id='word_1_272' title='bbox 1487 3651 1714 3720; x_wconf 87' lang='lat' dir='ltr'><strong>clerico</strong></span> <span class='ocrx_word' id='word_1_273' title='bbox 1743 3663 1808 3718; x_wconf 88' lang='lat' dir='ltr'><strong>et</strong></span> <span class='ocrx_word' id='word_1_274' title='bbox 1837 3649 1973 3716; x_wconf 87' lang='lat' dir='ltr'><strong>aliis</strong></span> <span class='ocrx_word' id='word_1_275' title='bbox 2001 3652 2232 3719; x_wconf 89' lang='lat' dir='ltr'><strong>multis.</strong></span> 
     </span>
    </p>
   </div>
   <div class='ocr_carea' id='block_1_8' title="bbox 1558 3939 3060 4223">
    <p class='ocr_par' dir='ltr' id='par_1_8' title="bbox 1558 3939 3060 4223">
     <span class='ocr_line' id='line_1_27' title="bbox 2236 3939 2374 4012; baseline 0 -1"><span class='ocrx_word' id='word_1_276' title='bbox 2236 3939 2374 4012; x_wconf 90' lang='lat' dir='ltr'><strong>III.</strong></span> 
     </span>
     <span class='ocr_line' id='line_1_28' title="bbox 1558 4119 3060 4223; baseline -0.003 -23"><span class='ocrx_word' id='word_1_277' title='bbox 1558 4121 1919 4223; x_wconf 61' lang='lat' dir='ltr'><strong>[visitatio</strong></span> <span class='ocrx_word' id='word_1_278' title='bbox 1953 4123 2305 4201; x_wconf 65' lang='lat' dir='ltr'><strong>wsshhnf</strong></span> <span class='ocrx_word' id='word_1_279' title='bbox 2339 4126 2604 4218; x_wconf 68' lang='lat' dir='ltr'><strong>epfzmpt</strong></span> <span class='ocrx_word' id='word_1_280' title='bbox 2635 4119 3060 4222; x_wconf 57' lang='lat' dir='ltr'><strong>femma]</strong></span> 
     </span>
    </p>
   </div>
   <div class='ocr_carea' id='block_1_9' title="bbox 1112 4303 3701 4395">
    <p class='ocr_par' dir='ltr' id='par_1_9' title="bbox 1112 4303 3701 4395">
     <span class='ocr_line' id='line_1_29' title="bbox 1112 4303 3701 4395; baseline -0.001 -21"><span class='ocrx_word' id='word_1_281' title='bbox 1112 4307 1390 4376; x_wconf 84' lang='lat' dir='ltr'><strong>Niversis</strong></span> <span class='ocrx_word' id='word_1_282' title='bbox 1427 4320 1637 4375; x_wconf 85' lang='lat' dir='ltr'><strong>sancte</strong></span> <span class='ocrx_word' id='word_1_283' title='bbox 1678 4307 1892 4374; x_wconf 87' lang='lat' dir='ltr'><strong>matris</strong></span> <span class='ocrx_word' id='word_1_284' title='bbox 1935 4307 2194 4376; x_wconf 88' lang='lat' dir='ltr'><strong>ecclesie</strong></span> <span class='ocrx_word' id='word_1_285' title='bbox 2234 4307 2382 4374; x_wconf 89' lang='lat' dir='ltr'><strong>filiis</strong></span> <span class='ocrx_word' id='word_1_286' title='bbox 2416 4307 2498 4375; x_wconf 86' lang='lat' dir='ltr'><strong>ad</strong></span> <span class='ocrx_word' id='word_1_287' title='bbox 2532 4331 2799 4395; x_wconf 86' lang='lat' dir='ltr'><strong>quorum</strong></span> <span class='ocrx_word' id='word_1_288' title='bbox 2835 4303 3134 4372; x_wconf 87' lang='lat' dir='ltr'><strong>noticiam</strong></span> <span class='ocrx_word' id='word_1_289' title='bbox 3171 4317 3486 4392; x_wconf 88' lang='lat' dir='ltr'><strong>presentes</strong></span> <span class='ocrx_word' id='word_1_290' title='bbox 3520 4305 3701 4372; x_wconf 84' lang='lat' dir='ltr'><strong>litere</strong></span> 
     </span>
    </p>
   </div>
   <div class='ocr_carea' id='block_1_10' title="bbox 1141 4411 3699 4607">
    <p class='ocr_par' dir='ltr' id='par_1_10' title="bbox 1141 4411 3699 4607">
     <span class='ocr_line' id='line_1_30' title="bbox 1141 4411 3699 4507; baseline -0.003 -23"><span class='ocrx_word' id='word_1_291' title='bbox 1141 4416 1559 4507; x_wconf 86' lang='lat' dir='ltr'><strong>pervenerint.</strong></span> <span class='ocrx_word' id='word_1_292' title='bbox 1587 4415 1948 4482; x_wconf 88' lang='lat' dir='ltr'><strong>Willelmus</strong></span> <span class='ocrx_word' id='word_1_293' title='bbox 1980 4415 2082 4484; x_wconf 88' lang='lat' dir='ltr'><strong>dei</strong></span> <span class='ocrx_word' id='word_1_294' title='bbox 2111 4416 2321 4506; x_wconf 84' lang='lat' dir='ltr'><strong>gracia</strong></span> <span class='ocrx_word' id='word_1_295' title='bbox 2338 4415 2667 4484; x_wconf 86' lang='lat' dir='ltr'><strong>Fernensis</strong></span> <span class='ocrx_word' id='word_1_296' title='bbox 2700 4413 3027 4504; x_wconf 83' lang='lat' dir='ltr'><strong>episcopus</strong></span> <span class='ocrx_word' id='word_1_297' title='bbox 3055 4411 3319 4479; x_wconf 86' lang='lat' dir='ltr'><strong>salutem</strong></span> <span class='ocrx_word' id='word_1_298' title='bbox 3346 4411 3415 4477; x_wconf 89' lang='lat' dir='ltr'><strong>in</strong></span> <span class='ocrx_word' id='word_1_299' title='bbox 3444 4411 3699 4477; x_wconf 86' lang='lat' dir='ltr'><strong>domino</strong></span> 
     </span>
     <span class='ocr_line' id='line_1_31' title="bbox 3210 4533 3697 4607; baseline -0.002 -23"><span class='ocrx_word' id='word_1_300' title='bbox 3210 4533 3650 4607; x_wconf 87' lang='lat' dir='ltr'><strong>semp1ternam</strong></span> <span class='ocrx_word' id='word_1_301' title='bbox 3682 4554 3697 4569; x_wconf 93' lang='lat'><strong>·</strong></span> 
     </span>
    </p>
   </div>
  </div>
 </body>
</html>
