4295 5410
2262 653 2351 702 22

925 813 1120 880 eciam
1148 814 1246 898 cuj
1255 836 1326 878 us
1353 823 1446 878 est
1474 837 1511 878 a
1538 813 1643 878 via
1667 813 1840 902 regia
1868 836 1988 899 que
2017 824 2110 878 est
2147 835 2234 878 ex
2262 809 2545 899 opposito
2578 809 2792 876 Sancti
2821 808 3081 897 Georgii
3114 807 3370 875 ecclesie
3398 829 3483 872 ex
3512 818 3686 894 parte

928 917 1294 984 occidentali
1322 941 1516 1004 usque
1540 917 1620 982 ad
1641 917 1826 982 aliam
1854 917 2022 983 viam
2043 917 2279 1005 regiam
2309 941 2394 982 ex
2414 930 2589 1005 parte
2619 916 2921 982 orientali.
2981 916 3348 982 Tenendam
3368 929 3435 982 et
3454 915 3687 981 haben-

929 1022 1072 1088 dam
1101 1022 1330 1088 dictam
1351 1035 1576 1088 terram
1598 1045 1742 1087 cum
1771 1021 2056 1087 domibus
2079 1034 2143 1087 et
2171 1021 2434 1087 edificiis
2463 1034 2527 1086 et
2555 1021 2843 1087 omnibus
2873 1020 3008 1086 aliis
3038 1021 3162 1086 suis
3191 1019 3589 1109 pertinenciis
3610 1019 3688 1084 de

927 1153 1029 1194 me
1071 1141 1136 1194 et
1161 1127 1493 1195 heredibus
1535 1127 1690 1192 meis
1731 1128 1833 1194 vel
1876 1127 2198 1216 assignatis
2226 1127 2459 1192 eisdem
2488 1126 2694 1192 Priori
2733 1139 2799 1193 et
2827 1127 3165 1193 conventui
3194 1140 3258 1193 et
3284 1127 3409 1192 suis
3452 1149 3689 1192 succes-

929 1233 1166 1298 soribus
1207 1233 1400 1300 libere
1437 1245 1501 1300 et
1530 1233 1738 1319 quiete
1773 1233 2016 1322 integre
2053 1248 2118 1299 et
2145 1233 2420 1322 plenarie
2456 1233 2527 1298 in
2562 1245 2934 1321 perpetuum
2967 1270 2980 1283 ·
3012 1245 3200 1320 prout
3242 1231 3595 1300 continetur
3618 1230 3690 1306 in

930 1355 1096 1409 carta
1139 1365 1250 1429 per
1295 1364 1482 1427 quam
1527 1365 1646 1429 ego
1689 1340 1938 1407 feoffata
1971 1341 2084 1406 fui.
2172 1341 2520 1406 Reddendo
2549 1341 2697 1407 inde
2742 1340 3062 1406 annuatim
3105 1337 3369 1428 predicti
3398 1337 3579 1404 Prior
3628 1346 3692 1402 et

930 1460 1271 1513 conventus
1313 1447 1644 1514 heredibus
1687 1449 1930 1515 Mathie
1958 1449 2074 1514 filii
2118 1449 2346 1515 Daniel
2376 1463 2440 1515 et
2469 1448 2704 1515 Cecilie
2732 1449 2949 1514 uxoris
2998 1448 3135 1535 ejus
3172 1445 3537 1535 Randulphi
3576 1444 3691 1540 filii

932 1552 975 1617 J
976 1551 1236 1618 ohannis
1265 1564 1329 1618 et
1358 1553 1496 1618 Eve
1531 1553 1747 1618 uxoris
1777 1555 1910 1640 ejus
1949 1555 2165 1622 decem
2204 1569 2268 1622 et
2296 1569 2436 1622 octo
2466 1541 2747 1624 denarios
2786 1556 3024 1645 argenti
3057 1595 3071 1608 ·
3100 1556 3497 1622 medietatem
3528 1553 3690 1621 scili-

931 1671 1032 1724 cet
1059 1658 1140 1724 ad
1167 1659 1391 1724 festum
1412 1658 1624 1726 Sancti
1647 1659 1975 1727 Michaelis
1997 1675 2062 1728 et
2087 1663 2485 1729 medietatem
2514 1664 2595 1730 ad
2615 1664 2843 1752 pascha
2869 1688 2981 1751 pro
3011 1663 3181 1729 omni
3216 1663 3475 1729 servicio
3504 1685 3689 1727 exac-

931 1764 1101 1830 tione
1147 1778 1211 1830 et
1238 1764 1545 1831 demanda
1587 1779 1652 1831 et
1686 1769 1870 1833 rebus
1914 1769 2171 1835 cunctis.
2258 1769 2352 1837 Ut
2394 1769 2589 1859 igitur
2615 1771 2732 1837 hec
2778 1796 2919 1837 mea
2964 1771 3224 1836 donacio
3276 1768 3585 1835 concessio
3629 1780 3695 1832 et

931 1870 1322 1937 confirmacio
1344 1887 1641 1960 perpetue
1661 1873 1968 1940 firmitatis
1995 1877 2185 1942 robur
2206 1877 2527 1964 optineant
2556 1877 2941 1966 presentibus
2962 1876 3157 1943 literis
3186 1875 3460 1964 sigillum
3482 1897 3692 1940 meum

933 1977 1207 2066 apposui.
1295 1977 1440 2044 Hiis
1469 1981 1727 2045 testibus
1753 2018 1766 2031 ·
1792 1981 2003 2047 David
2033 1982 2110 2048 de
2135 1984 2363 2049 Kallan
2390 1997 2541 2050 tunc
2570 1985 2803 2070 majore
2826 1983 3070 2050 Dublin
3103 2022 3117 2036 ·
3150 1983 3423 2048 Roberto
3447 1981 3693 2046 Turbot

934 2095 998 2147 et
1026 2082 1301 2170 Hugone
1328 2083 1389 2148 le
1416 2082 1546 2170 Seljj
1554 2097 1661 2150 ant
1687 2097 1837 2151 tunc
1866 2085 2191 2174 prepositis
2223 2125 2237 2138 ·
2261 2086 2543 2152 Waltero
2582 2087 2888 2153 aurifabro
2921 2126 2935 2139 ·
2971 2086 3245 2176 Symone
3274 2086 3500 2153 clerico
3532 2124 3545 2137 ·
3576 2075 3688 2149 Ni-

935 2187 1152 2254 cholao
1181 2188 1406 2256 clerico
1439 2229 1452 2242 ·
1485 2189 1759 2257 Roberto
1789 2190 2018 2278 pistore
2044 2207 2110 2258 et
2137 2191 2291 2258 aliis.

2194 2509 2412 2584 XIV.

1421 2691 1536 2769 Bt
1565 2696 1878 2768 hanutum
1907 2695 2184 2771 mattis
2220 2696 2286 2771 ίιτ
2320 2697 2607 2790 parocbia
2641 2693 2889 2783 §aaut
2923 2695 3206 2789 astorga.

1127 2880 1191 2945 N
1191 2881 1404 2948 iversis
1433 2883 1667 2949 Christi
1704 2885 1994 2952 fidelibus
2039 2886 2120 2951 ad
2165 2910 2319 2973 quos
2362 2910 2609 2977 presens
2659 2886 2957 2974 scriptum
3002 2886 3355 2973 pervenerit
3384 2884 3695 2954 Hem-icus

1156 2988 1330 3053 Tirel
1352 2989 1631 3055 salutem.
1717 2988 1983 3056 Noverit
2008 2991 2375 3059 universitas
2404 3008 2608 3061 vestra
2635 3017 2735 3059 me
2763 3015 2877 3081 pro
2902 2993 3098 3059 salute
3126 2993 3330 3059 anime
3357 3018 3495 3060 mee
3524 3010 3696 3063 ante·

938 3112 1245 3156 cessorum
1291 3104 1356 3156 et
1401 3115 1819 3157 successorum
1857 3116 2138 3158 meorum
2169 3094 2409 3162 dedisse
2438 3096 2803 3163 concessisse
2832 3112 2896 3163 et
2922 3098 3039 3162 hac
3068 3098 3335 3185 presenti
3366 3114 3532 3165 carta
3558 3124 3699 3167 mea

937 3196 1328 3263 confirmasse
1351 3197 1490 3263 Deo
1510 3200 1690 3265 beate
1712 3200 1913 3270 Marie
1936 3214 2000 3266 et
2026 3202 2283 3269 ecclesie
2307 3204 2611 3271 Omnium
2636 3205 3005 3272 Sanctorum
3018 3207 3209 3292 juxta
3230 3205 3471 3271 Dublin
3494 3206 3698 3273 Priori

939 3316 1005 3367 et
1047 3304 1383 3369 conventui
1427 3303 1665 3369 ibidem
1695 3304 1836 3370 Deo
1879 3306 2287 3374 servientibus
2331 3308 2611 3376 redditus
2640 3309 2981 3377 duodecem
3012 3309 3403 3375 denariorum
3431 3310 3510 3376 de
3538 3324 3701 3376 terra

942 3439 1130 3502 quam
1166 3415 1411 3482 Alanus
1437 3415 1602 3481 filius
1631 3416 1938 3482 Willelmi
1984 3431 2049 3483 et
2090 3418 2349 3485 heredes
2392 3419 2488 3484 sui
2527 3432 2741 3485 tenent
2786 3419 2864 3485 de
2913 3442 3014 3484 me
3059 3431 3124 3485 et
3166 3417 3499 3483 heredibus
3544 3418 3699 3484 meis

941 3522 1107 3586 inter
1135 3520 1456 3587 ecclesiam
1483 3522 1649 3588 beati
1678 3522 1860 3588 Pauli
1887 3548 1971 3589 ex
1999 3548 2125 3589 una
2154 3538 2327 3611 parte
2364 3537 2429 3591 et
2466 3524 2785 3590 ecclesiam
2818 3524 3031 3591 Sancti
3060 3523 3318 3612 Georgii
3346 3547 3431 3589 ex
3460 3523 3649 3590 altera
3682 3563 3693 3576 ·

839 3684 846 3691 .
942 3626 1011 3691 in
1049 3650 1271 3715 puram
1317 3640 1382 3694 et
1409 3618 1776 3717 perpetuam
1816 3630 2215 3698 elemosinam
2260 3633 2421 3699 sicut
2464 3633 2669 3719 aliqua
2702 3632 3035 3699 elemosina
3074 3631 3295 3697 melius
3323 3632 3568 3720 plenius
3594 3632 3699 3697 vel

944 3731 1198 3799 liberius
1247 3733 1477 3820 poterit
1513 3734 1794 3801 conferri.
1881 3736 1970 3801 Et
1997 3749 2070 3803 ut
2094 3737 2215 3804 hec
2260 3761 2401 3803 mea
2427 3737 2687 3803 donacio
2735 3736 3047 3804 concessio
3088 3750 3153 3802 et
3180 3736 3571 3803 confirmacio
3620 3738 3701 3804 sit

943 3836 1176 3902 stabilis
1205 3850 1270 3903 et
1289 3836 1468 3902 firma
1495 3851 1852 3925 permaneat
1870 3838 1940 3905 in
1960 3854 2329 3929 perpetuum
2350 3865 2597 3929 presens
2618 3841 2916 3931 scriptum
2937 3842 3127 3931 sigilli
3154 3842 3280 3907 mei
3299 3841 3699 3931 impressione

945 3941 1248 4008 roboravi.
1295 3942 1441 4015 Hiis
1471 3944 1772 4010 testibus·
1797 3945 2051 4012 domino
2070 3947 2345 4013 Roberto
2375 3947 2453 4013 de
2472 3946 2681 4034 Lynet
2700 3960 2852 4013 tunc
2878 3948 2999 4033 maj
3006 3971 3109 4012 ore
3128 3945 3405 4011 Dublin·
3426 3945 3698 4014 Roberto

951 4049 1204 4115 Pollard
1234 4050 1362 4135 [et]
1397 4050 1731 4138 Radulpho
1760 4050 1819 4116 le
1849 4052 2068 4120 Porter
2094 4066 2246 4119 tunc
2274 4050 2599 4141 prepositis
2627 4050 2915 4119 Dublin·
2945 4050 3153 4117 Alano
3183 4049 3312 4115 filio
3342 4048 3695 4118 willelmi·

955 4154 1202 4221 Thoma
1230 4154 1308 4220 de
1340 4153 1646 4221 Ooventr:
1676 4169 1740 4223 et
1767 4154 1920 4221 aliis.

3540 4544 3696 4610 XV.
