4295 5410
1933 702 2060 775 131

609 868 916 946 paruerint
953 866 1165 943 punire
1202 874 1541 941 presumant
1593 884 1760 941 poena
1799 862 2130 942 pecuniaria
2169 871 2229 920 et
2264 862 2561 920 interdum
2608 861 2821 920 carceri
2860 860 3198 936 mancipare.
3295 859 3391 915 In-

611 986 787 1043 super
806 966 1082 1043 prelibati
1109 966 1148 1023 J
1151 964 1436 1022 usticiarii
1463 972 1523 1022 et
1543 964 1756 1022 Ballivi
1772 963 2293 1039 Archiepiscopum
2323 962 2711 1038 suffraganeos
2737 970 2797 1019 et
2816 961 3079 1018 officiales
3109 958 3396 1035 predictos

609 1066 661 1123 si
688 1085 791 1142 per
817 1063 1252 1140 inquisitionem
1277 1062 1486 1119 factam
1528 1080 1702 1138 super
1741 1059 1854 1119 hoc
1877 1068 2078 1117 contra
2101 1078 2199 1117 eos
2222 1059 2549 1118 constiterit
2584 1060 2738 1135 quod
2777 1060 2889 1136 ipsi
2926 1058 3300 1135 cognoverint
3326 1056 3397 1115 de

613 1164 908 1240 aliquibus
949 1163 1136 1221 causis
1179 1180 1294 1236 que
1338 1180 1456 1217 non
1497 1159 1721 1218 fuerint
1762 1158 2212 1217 matrimoniales
2256 1158 2351 1217 vel
2392 1159 2820 1216 testamentarie
2862 1156 3193 1235 pecuniaria
3230 1175 3397 1233 poena

612 1264 896 1322 mulctare
920 1270 980 1320 et
1006 1260 1304 1319 interdum
1339 1260 1564 1318 eosdem
1604 1259 1957 1317 incarcerare
1982 1266 2337 1335 presumant.
2420 1257 2705 1333 Quodque
2744 1258 2793 1314 si
2833 1257 3084 1332 aliquem
3126 1256 3165 1313 J
3167 1255 3395 1313 udicem

614 1362 1082 1421 Ecclesiasticum
1111 1352 1402 1417 occasione
1443 1357 1694 1432 alicujus
1740 1355 2057 1432 questionis
2100 1374 2215 1431 que
2250 1355 2507 1412 vertitur
2543 1374 2733 1413 coram
2775 1373 2841 1411 eo
2882 1354 3181 1430 contingat
3204 1353 3267 1409 in
3294 1352 3395 1409 ali-

614 1481 788 1538 quem
815 1462 1055 1519 Laicum
1082 1460 1353 1534 exigente
1371 1456 1611 1533 justicia
1637 1454 2193 1513 excomunicacionis
2234 1454 2583 1512 sententiam
2618 1453 2986 1530 promulgere
3022 1453 3229 1509 Laicus
3274 1451 3395 1527 ipse

614 1561 798 1619 eidem
847 1559 1036 1635 judici
1075 1557 1362 1635 perdictos
1411 1556 1453 1613 J
1455 1555 1778 1613 usticiarios
1821 1562 1883 1612 et
1926 1553 2182 1611 Ballivos
2222 1552 2487 1611 inhibere
2525 1563 2802 1629 procurat
2846 1571 2919 1609 ne
2960 1552 3023 1608 in
3062 1550 3396 1624 hujusmodi

615 1680 787 1718 causa
805 1658 1078 1736 procedat
1097 1664 1230 1733 post
1253 1654 1662 1712 inhibitionem
1688 1662 1885 1711 autem
1901 1651 2242 1727 hujusmodi
2260 1652 2453 1709 dictus
2480 1652 2689 1709 Laicus
2714 1672 2832 1709 non
2872 1652 3097 1708 vitatur
3122 1660 3397 1725 tanquam

616 1757 1094 1817 excomunicatus
1134 1752 1584 1831 prohibentibus
1620 1751 1686 1808 id
1729 1750 2005 1827 predictis
2042 1751 2081 1808 J
2085 1750 2397 1807 usticiariis
2443 1758 2503 1808 et
2544 1750 2801 1808 Ballivis.
2882 1750 3167 1819 Quoniam
3211 1749 3398 1825 igitur

615 1867 884 1915 nostrum
938 1856 1184 1913 interest
1224 1871 1398 1929 super
1442 1852 1557 1910 hiis
1605 1851 1944 1928 Apostolica
1994 1850 2359 1927 providentia
2405 1850 2724 1909 remedium
2770 1848 3045 1907 adhibere
3088 1868 3163 1907 ne
3208 1850 3259 1905 si
3298 1848 3400 1904 illa

617 1955 1173 2028 dissimulaverimus
1207 1952 1527 2009 incorrecta
1563 1950 1804 2025 judiciis
1843 1949 2170 2008 severitatis
2214 1949 2427 2007 Divine
2470 1948 2807 2017 incidamuS‚
2850 1948 3184 2005 discretioni
3210 1955 3400 2005 vestre

615 2078 719 2134 per
747 2055 1085 2133 Apostolica
1127 2054 1342 2129 scripta
1369 2052 1705 2110 mandamus
1733 2060 2020 2127 quatenus
2047 2051 2096 2108 si
2126 2059 2217 2109 est
2241 2052 2327 2109 ita
2353 2052 2392 2109 J
2395 2050 2721 2108 usticiarios
2748 2058 2808 2107 et
2836 2049 3087 2107 Ballivos
3112 2048 3400 2124 predictos

617 2157 774 2233 quod
819 2156 1112 2233 prefatum
1159 2152 1679 2229 Archiepiscopum
1729 2150 2118 2228 suffraganeos
2172 2160 2233 2209 et
2273 2150 2504 2226 judices
2561 2150 2633 2208 de
2692 2148 2931 2225 prefatis
2974 2148 3160 2205 causis
3220 2148 3401 2206 libere

615 2273 954 2333 cognoscere
991 2273 1058 2311 ac
1101 2272 1194 2310 eas
1237 2252 1449 2327 exequi
1475 2260 1655 2327 prout
1681 2251 1752 2307 ad
1793 2270 1886 2309 eos
1923 2250 1996 2307 de
2028 2250 2289 2326 predicta
2324 2248 2746 2307 consuetudine
2784 2248 3041 2325 pertinet
3067 2256 3127 2306 et
3152 2247 3224 2305 de
3263 2248 3401 2323 jure

615 2355 798 2412 libere
821 2352 1126 2429 paciantur
1146 2358 1205 2408 et
1235 2345 1331 2427 [a]
1355 2350 1616 2425 qualibet
1645 2368 1820 2425 super
1846 2349 2140 2425 permissis
2167 2368 2369 2407 eorum
2394 2349 2655 2407 indebita
2678 2349 3074 2408 molestatione
3102 2349 3397 2418 desistant,

616 2453 937 2510 monicione
977 2450 1254 2527 premissa
1297 2467 1400 2524 per
1435 2466 1737 2505 censuram
1779 2448 2241 2506 Ecclesiasticam
2282 2450 2666 2525 appellacione
2719 2459 2941 2507 remota
2983 2449 3233 2525 (ratione
3274 2469 3401 2525 pre—

615 2552 952 2625 missorum)
979 2551 1352 2628 compellatis,
1391 2569 1508 2608 non
1535 2551 1804 2607 obstante
1845 2549 1894 2607 si
1921 2550 2002 2607 eis
2046 2569 2080 2606 a
2111 2548 2259 2607 Sede
2286 2549 2621 2626 Apostolica
2659 2550 2737 2607 sit
2780 2548 3079 2605 indultum
3106 2547 3261 2623 quod
3301 2568 3401 2605 ex-

618 2653 970 2712 comunicari
1024 2652 1119 2711 vel
1170 2669 1372 2709 eorum
1416 2659 1574 2708 terra
1613 2648 1926 2708 interdicto
1971 2651 2221 2727 supponi
2262 2659 2367 2708 aut
2408 2660 2577 2710 extra
2614 2652 2708 2711 vel
2750 2651 2909 2710 ultra
2946 2660 3173 2711 certum
3210 2652 3403 2710 locum

617 2763 722 2812 aut
761 2753 1054 2829 judicium
1095 2753 1320 2810 evocari
1382 2770 1496 2809 non
1553 2753 1778 2827 possint
1823 2771 1927 2828 per
1973 2753 2202 2811 litteras
2248 2753 2613 2830 Apostolicas
2676 2773 2791 2810 non
2852 2754 3123 2812 facientes
3174 2754 3401 2830 plenam

622 2848 746 2932 [et]
792 2871 1120 2928 expressam
1175 2850 1247 2907 de
1299 2849 1532 2907 indulto
1583 2848 1922 2924 hujusmodi
1966 2852 2321 2909 mencionem
2368 2860 2473 2909 aut
2523 2852 2889 2929 indulgentia
2935 2853 3099 2911 Sedis
3145 2853 3401 2928 ejusdem

619 2970 733 3028 que
759 2951 1042 3008 fratribus
1085 2950 1178 3008 tui
1221 2948 1440 3006 ordinis
1477 2947 1562 3004 fili
1591 2949 1762 3006 Prior
1787 2949 2008 3006 dicitur
2053 2969 2175 3008 esse
2216 2951 2455 3008 comissa
2490 2970 2565 3010 ne
2590 2951 2663 3008 de
2688 2952 2873 3008 causis
2916 2971 3030 3028 que
3074 2971 3180 3028 per
3220 2953 3403 3029 ipsius

623 3051 785 3108 Sedis
827 3050 1054 3108 litteras
1101 3050 1494 3107 comittuntur
1540 3048 1753 3106 eisdem
1808 3068 2149 3125 cognoscere
2192 3057 2504 3108 teneantur
2548 3051 2661 3108 nisi
2704 3052 2765 3106 in
2804 3051 2884 3108 eis
2931 3049 3003 3108 de
3042 3049 3405 3127 indulgentia

620 3147 960 3224 hujusmodi
999 3166 1271 3223 expressa
1308 3146 1532 3203 mencio
1575 3145 1878 3204 habeatur.
1958 3147 2199 3206 Proviso
2227 3168 2299 3206 ne
2324 3149 2386 3206 in
2412 3148 2702 3226 predictos
2736 3149 2830 3206 vel
2873 3149 3123 3224 alicujus
3165 3150 3403 3207 alterius

621 3247 776 3305 dicte
800 3247 1106 3305 Provincie
1143 3245 1412 3303 Civitatis
1439 3245 1535 3303 vel
1579 3246 1691 3303 loci
1719 3246 2161 3304 universitatem
2186 3247 2798 3306 excommunicacionis
2823 3248 2915 3305 vel
2942 3247 3239 3305 interdicti
3280 3267 3404 3306 sen-

621 3349 866 3404 tenciam
893 3345 1198 3422 proferatis
1222 3345 1337 3401 nisi
1373 3363 1407 3400 a
1447 3343 1614 3401 nobis
1651 3363 1825 3420 super
1865 3343 1974 3402 hoc
1999 3345 2340 3403 mandatum
2380 3347 2674 3422 recepistis
2715 3347 2971 3422 speciale,
3016 3346 3171 3422 quod
3198 3347 3247 3404 si
3288 3366 3405 3405 non

622 3448 789 3505 ambo
833 3445 927 3502 his
967 3444 1318 3520 exequendis
1359 3443 1670 3520 potueritis
1719 3445 1997 3503 interesse
2040 3446 2188 3504 alter
2232 3456 2495 3504 vestrum
2537 3465 2603 3505 ea
2644 3446 3020 3504 nihilominus
3062 3454 3402 3521 exequatur.

623 3547 844 3602 Datum
871 3543 1130 3601 Viterbii
1155 3542 1212 3599 ii,
1237 3542 1378 3600 Idus
1398 3541 1744 3599 Novembris
1771 3541 2155 3600 Pontificatus
2180 3542 2367 3600 nostri
2394 3543 2571 3599 Anno
2597 3541 3024 3600 Prim0.”-Al.
3045 3543 3195 3619 Req„
3224 3563 3277 3618 p.
3307 3559 3401 3618 97.

741 3645 916 3702 From
958 3661 1032 3700 an
1076 3642 1426 3718 Inquisition
1471 3642 1645 3717 given
1687 3642 1750 3698 in
1790 3641 1994 3699 Alan’s
2015 3641 2293 3720 Registry
2336 3640 2361 3718 (
2371 3641 2604 3719 Trinity
2636 3641 2866 3718 College
2892 3659 3054 3720 copy,
3086 3661 3141 3717 p.
3173 3639 3313 3718 243)
3352 3643 3403 3699 it

623 3762 860 3818 appears
903 3741 1036 3799 that
1061 3761 1096 3798 a
1121 3742 1340 3798 certain
1369 3741 1570 3798 Simon
1597 3741 1766 3819 Neyl,
1809 3762 1878 3799 or
1905 3742 2137 3820 Oneyll,
2182 3742 2315 3800 who
2356 3743 2407 3800 is
2449 3741 2640 3820 styled
2668 3742 2893 3800 Citizen
2920 3740 2987 3798 of
3005 3741 3247 3810 Dublin‚
3290 3741 3401 3797 had

625 3841 897 3916 acquired
939 3849 1058 3898 two
1097 3849 1390 3898 carucates
1433 3841 1501 3896 of
1518 3840 1656 3897 land
1681 3842 1744 3897 in
1772 3840 1873 3899 the
1900 3859 2100 3898 manor
2127 3841 2196 3899 of
2213 3841 2523 3918 Lispobell‚
2574 3841 2687 3898 and
2731 3840 2862 3898 that
2902 3842 2965 3897 in
3009 3839 3113 3898 the
3160 3839 3305 3916 goth
3345 3841 3411 3896 of

625 3941 788 3998 Edw.
819 3940 946 4009 HL,
986 3939 1152 4016 1356,
1184 3937 1559 4014 Archbishop
1587 3937 1798 4016 Mynot
1824 3938 2064 3998 claimed
2089 3938 2191 3996 the
2231 3939 2356 3997 said
2397 3939 2632 4016 symon,
2678 3938 2809 3996 who
2836 3957 2951 3996 was
2994 3958 3067 3996 an
3094 3938 3395 4007 Irishman‚

625 4059 684 4097 as
710 4040 804 4096 his
831 4039 889 4098 N
891 4039 1060 4110 ative,
1091 4038 1205 4096 and
1231 4038 1554 4115 thereupon
1582 4039 1817 4097 entered
1843 4039 1969 4097 into
1996 4040 2313 4116 possession
2340 4039 2407 4096 of
2424 4038 2525 4097 the
2551 4038 2672 4096 said
2699 4039 2879 4097 lauds,

775 4209 810 4236 ‘⁶
841 4219 1206 4268 snauurt'rmt
1235 4220 1455 4261 NATIVI
1482 4219 1708 4261 Dolum
1733 4219 2205 4263 Aacmlfflscom
2230 4219 2460 4261 numan
2489 4219 2777 4261 TEMPORE
2804 4219 3106 4261 sonamus
3134 4219 3240 4261 vn.

706 4331 744 4359 ‘⁶
762 4325 1060 4401 Imprimis
1085 4324 1244 4383 John
1263 4325 1323 4382 N
1324 4325 1433 4382 eile
1450 4343 1582 4382 now
1600 4325 1668 4383 of
1687 4325 1967 4392 ὅποι-(163,
2005 4341 2111 4401 153
2125 4343 2173 4395 1,
2198 4324 2247 4382 Sc
2270 4324 2579 4383 catherine
2596 4323 2689 4380 his
2708 4323 2857 4392 wife,
2868 4323 3111 4393 Walter,
3134 4321 3400 4380 Edmond

627 4425 740 4482 and
767 4424 988 4482 Robert
1004 4422 1096 4480 his
1139 4441 1343 4480 sonnes
1368 4423 1488 4480 also
1514 4423 1553 4480 J
1557 4442 1738 4482 oanne
1781 4422 1874 4480 his
1900 4443 2100 4502 young
2138 4423 2427 4500 daughter
2463 4424 2612 4481 Item
2638 4443 2769 4481 now
2794 4431 2857 4479 at
2881 4422 3113 4498 Finglas
3153 4421 3400 4478 Thomas

629 4525 820 4582 Carlle
845 4521 962 4579 and
998 4522 1242 4580 Isabelle
1277 4521 1369 4579 his
1396 4521 1532 4579 wife
1557 4521 1703 4579 with
1738 4521 1832 4580 his
1874 4531 1993 4578 two
2020 4521 2319 4592 brethren‚
2349 4522 2613 4580 William
2642 4521 2689 4578 δι
2716 4521 2875 4579 John
2902 4521 3016 4578 and
3056 4529 3174 4578 two
3201 4521 3399 4578 sisters

1973 4619 2020 4683 S
2053 4641 2089 4686 2
3109 4619 3404 4678 Christian
