4295 5410
2250 679 2345 755 34

914 841 1180 910 termino
1210 841 1447 908 Pasche
1476 853 1540 906 et
1570 840 1724 906 duos
1746 839 1973 906 solidos
2000 839 2069 904 in
2097 839 2366 905 termino
2399 838 2613 905 Sancti
2635 838 2967 906 Michaelis
2998 878 3012 891 ·
3042 839 3402 907 habendum
3430 854 3493 908 et
3520 842 3681 932 opti-

914 950 1192 1016 nendum
1221 948 1388 1014 dicte
1417 948 1638 1012 domus
1683 946 1996 1012 canonicis
2033 959 2099 1013 et
2125 969 2343 1012 eorum
2384 946 2834 1013 successoribus
2862 947 2931 1012 in
2968 960 3338 1036 perpetuum
3367 949 3435 1013 in
3462 973 3681 1037 puram

915 1070 980 1122 et
1005 1068 1370 1142 perpetuam
1416 1051 1816 1119 elemosinam
1855 1066 1922 1118 et
1946 1051 2209 1118 liberam
2240 1053 2318 1117 ab
2347 1051 2519 1117 omni
2566 1051 2807 1119 actione
2845 1053 3190 1119 vexacione
3237 1067 3303 1119 et
3330 1055 3639 1123 demanda
3668 1097 3681 1110 ·

914 1161 1151 1228 scilicet
1171 1159 1250 1225 de
1273 1173 1434 1223 terra
1453 1157 1563 1222 illa
1590 1180 1712 1243 que
1734 1155 2093 1244 contignata
2119 1167 2214 1220 est
2241 1153 2382 1221 vico
2412 1178 2533 1241 que
2556 1153 2732 1220 ducit
2760 1155 2842 1220 ad
2861 1155 3186 1222 scalarium
3212 1157 3504 1224 cimiterii
3534 1159 3687 1226 dicti

915 1266 1170 1333 ecclesie
1203 1264 1419 1331 Sancti
1449 1262 1779 1329 Michaelis
1812 1301 1825 1314 ·
1857 1276 1923 1328 et
1959 1274 2053 1328 est
2089 1261 2159 1326 in
2186 1261 2519 1328 latitudine
2564 1286 2676 1351 per
2721 1286 3013 1352 magnam
3062 1278 3315 1330 stratam
3359 1290 3482 1352 que
3510 1267 3688 1334 ducit

916 1397 1129 1440 versus
1156 1385 1400 1461 portam
1421 1372 1633 1438 Sancti
1655 1371 1917 1438 Martini
1940 1397 1976 1438 a
1997 1371 2165 1438 dicto
2188 1372 2330 1438 vico
2354 1372 2521 1439 dicte
2544 1372 2800 1440 ecclesie
2822 1373 3114 1441 cimiterii
3140 1399 3337 1461 usque
3360 1377 3441 1442 ad
3462 1389 3689 1443 terram

918 1481 1182 1548 Henrici
1210 1479 1524 1547 Wantarii
1557 1519 1570 1532 ·
1601 1493 1667 1546 et
1694 1494 1787 1546 est
1812 1481 1883 1544 in
1920 1478 2317 1568 longitudine
2365 1505 2402 1546 a
2428 1480 2599 1547 dicta
2642 1505 2872 1570 magna
2915 1494 3104 1548 strata
3146 1506 3343 1568 usque
3373 1482 3452 1548 ad
3482 1495 3688 1548 ortum

920 1587 1085 1655 dicte
1114 1587 1370 1654 ecclesie
1397 1586 1610 1654 Sancti
1632 1587 1978 1654 Michaelis.
2051 1589 2140 1654 Et
2168 1601 2241 1654 ut
2267 1589 2385 1654 hec
2413 1612 2553 1661 mea
2574 1589 2834 1655 donacio
2863 1589 3173 1657 concessio
3202 1604 3268 1657 et
3294 1590 3689 1657 confirmacio

917 1705 1050 1758 rata
1078 1706 1472 1781 perseverent
1511 1706 1576 1759 et
1603 1693 1967 1760 inconcussa
1993 1695 2062 1759 in
2089 1708 2463 1783 perpetuum
2491 1694 2839 1762 habeantur
2866 1695 3167 1784 presentis
3208 1695 3422 1784 scripti
3460 1696 3689 1785 pagine

919 1798 1195 1886 sigillum
1223 1823 1436 1866 meum
1463 1800 1583 1866 feci
1612 1801 1862 1889 apponi.
1950 1801 2097 1867 Hiis
2125 1802 2387 1868 testibus
2420 1841 2433 1854 ·
2466 1802 2683 1868 Priore
2734 1803 2960 1870 Sancte
2990 1802 3317 1869 Trinitatis
3350 1842 3363 1855 ·
3394 1803 3689 1892 magistro

923 1907 1002 1970 T.
1032 1907 1398 1973 cancellario
1423 1907 1635 1974 Sancti
1663 1909 1920 1977 Patricii
1954 1949 1966 1962 ·
2000 1909 2079 1976 G.
2111 1910 2192 1978 de
2216 1910 2467 1976 Turvill
2494 1910 2928 1977 archidiacono
2957 1909 3201 1976 Dublin
3232 1946 3247 1962 ·
3280 1909 3533 1975 domino
3551 1908 3688 1974 Gil-

921 2012 1098 2077 berto
1118 2011 1220 2077 del
1239 2012 1410 2077 Ynet
1433 2050 1446 2063 ·
1471 2011 1725 2077 domino
1743 2013 2013 2081 Ricardo
2029 2015 2287 2082 Ancum
2308 2017 2401 2102 [Ρ]
2432 2054 2444 2067 ·
2471 2014 2725 2083 domino
2746 2014 3083 2106 Radulpho
3099 2015 3143 2079 J
3144 2015 3380 2081 anitore
3402 2054 3415 2066 ·
3436 2014 3691 2082 domino

925 2117 1199 2183 Roberto
1228 2117 1481 2184 Pollard
1509 2132 1573 2185 et
1602 2117 1754 2184 aliis,

2147 2381 2449 2454 XXXI.

922 2563 1036 2638 we
1071 2565 1324 2654 gazitina
1361 2565 1428 2639 ίη
1461 2569 1668 2639 tantm
1701 2566 1990 2657 parochia
2023 2585 2088 2643 tx
2122 2580 2293 2658 parte
2318 2565 2545 2642 boriali
2576 2568 2692 2642 biti
2726 2587 2847 2660 qun
2884 2569 3011 2642 {tur
3044 2588 3084 2642 a
3120 2569 3427 2645 fratribus
3459 2583 3686 2643 tarme-

926 2681 1232 2783 lit[an]is
1265 2689 1484 2761 [ηιξκιε
1518 2684 1852 2772 aeanttnm
1883 2686 2269 2780 wastitiam.

1130 2873 1246 2938 EO
1292 2873 1627 2942 indentura
1652 2874 1815 2940 facta
1864 2875 2031 2963 apud
2070 2874 2313 2942 Dublin
2360 2877 2463 2943 die
2491 2879 2535 2943 J
2537 2878 2671 2942 ovis
2715 2877 3005 2965 proximo
3044 2890 3184 2965 post
3220 2877 3445 2943 festum
3478 2878 3691 2945 Sancti

1172 2981 1454 3046 Barnabe
1501 2980 1762 3068 apostoli
1809 3005 1971 3047 anno
2015 2980 2180 3070 regis
2209 2982 2505 3049 Edwardi
2536 2981 2715 3049 tercii
2751 2995 2891 3070 post
2934 2996 3341 3069 conquestum
3381 2984 3690 3050 tricesimo

927 3101 1146 3154 octavo
1180 3128 1192 3141 ·
1224 3089 1388 3156 inter
1410 3088 1692 3154 Priorem
1731 3101 1796 3155 et
1836 3104 2219 3156 conventum
2249 3090 2471 3156 domus
2500 3090 2805 3157 Omnium
2839 3090 3209 3157 Sanctorum
3230 3090 3419 3176 juxta
3448 3089 3693 3155 Dublin

925 3220 1008 3261 ex
1039 3209 1212 3284 parte
1257 3220 1384 3261 una
1429 3208 1492 3260 et
1524 3194 1865 3283 Symonem
1895 3195 2166 3283 Typpyr
2195 3207 2259 3260 et
2288 3194 2496 3260 Eliam
2530 3194 2833 3261 Sherman
2856 3218 2940 3259 ex
2969 3193 3161 3260 altera
3191 3232 3207 3247 -
3236 3206 3496 3259 testatur
3524 3194 3693 3281 quod

925 3300 1189 3388 predicti
1212 3301 1393 3366 Prior
1420 3315 1484 3367 et
1512 3316 1854 3367 conventus
1872 3300 1950 3367 de
1979 3325 2196 3367 eorum
2223 3302 2505 3368 unanimi
2535 3326 2783 3367 assensu
2811 3314 2877 3367 et
2895 3324 3197 3369 consensu
3219 3300 3526 3365 dederunt
3545 3323 3691 3367 con-

928 3422 1240 3476 cesserunt
1260 3424 1324 3477 et
1344 3410 1423 3475 ad
1445 3408 1687 3475 firmam
1707 3408 2097 3474 tradiderunt
2117 3408 2412 3496 predictis
2437 3407 2699 3497 Symoni
2717 3420 2782 3473 et
2803 3408 2946 3474 Elie
2975 3432 3173 3473 unum
3195 3407 3527 3496 gardinum
3548 3430 3693 3472 cum

929 3516 1054 3580 suis
1093 3515 1490 3603 pertinenciis
1535 3514 1604 3580 in
1645 3513 1940 3581 suburbio
1970 3513 2274 3580 Dublinie
2302 3514 2371 3579 in
2407 3513 2700 3602 parochia
2731 3513 2945 3581 Sancti
2972 3514 3382 3603 [Michaelis]
3408 3512 3510 3578 del
3538 3512 3658 3577 Pol
3680 3550 3693 3562 ·

927 3620 1286 3687 habendum
1317 3635 1382 3687 et
1409 3621 1749 3687 tenendum
1777 3620 2072 3709 predictis
2105 3620 2369 3709 Symoni
2396 3634 2461 3687 et
2489 3621 2633 3687 Elie
2660 3621 2993 3687 heredibus
3021 3634 3085 3687 et
3113 3619 3433 3708 assignatis
3462 3618 3587 3685 suis
3616 3618 3697 3685 ad

928 3726 1266 3791 terminum
1294 3725 1522 3813 viginti
1551 3748 1854 3791 annorum
1886 3762 1899 3775 ·
1915 3730 1918 3735 ’
1932 3724 2197 3790 termino
2227 3747 2376 3790 vero
2404 3724 2743 3812 incipiente
2772 3724 2853 3789 ad
2878 3723 3105 3789 festum
3131 3722 3345 3789 Sancti
3368 3721 3697 3788 Michaelis

931 3830 1285 3917 archangeli
1312 3830 1602 3919 proximo
1639 3830 1922 3897 flitmum
1955 3869 1968 3882 ·
2001 3831 2349 3897 Reddendo
2394 3830 2543 3897 inde
2582 3830 2847 3919 predicti
2880 3830 3099 3897 Simon
3145 3842 3210 3895 et
3238 3829 3411 3895 Elias
3438 3827 3697 3893 heredes

933 3958 997 4008 et
1055 3939 1346 4029 assignati
1391 3940 1488 4005 sui
1525 3938 1820 4027 predictis
1871 3937 2075 4003 Priori
2120 3949 2186 4003 et
2230 3935 2567 4003 conventui
2612 3949 2678 4003 et
2726 3959 2943 4002 eorum
2996 3931 3447 4001 successoribus
3494 3931 3698 4019 primo

935 4074 1096 4114 anno
1126 4048 1415 4136 proximo
1462 4060 1757 4134 sequente
1793 4060 1934 4134 post
1969 4045 2321 4134 predictum
2348 4044 2575 4111 festum
2608 4043 2821 4111 Sancti
2851 4042 3179 4110 Michaelis
3207 4063 3404 4106 unum
3433 4062 3698 4127 granum

933 4162 1228 4228 frumenti
1269 4161 1348 4226 ad
1374 4160 1600 4226 festum
1627 4159 1866 4225 Pasche
1893 4181 2006 4246 pro
2053 4157 2225 4222 omni
2272 4156 2532 4222 servicio
2571 4154 2899 4221 exactione
2938 4165 3003 4219 et
3030 4152 3353 4219 demanda.
3442 4150 3531 4215 Et
3558 4164 3701 4237 post

932 4271 1282 4360 predictum
1311 4270 1582 4357 primum
1605 4290 1836 4333 annum
1858 4266 2133 4356 plenarie
2163 4264 2543 4352 completum
2572 4262 2890 4330 reddendo
2911 4260 3061 4326 inde
3090 4258 3412 4363 annuatim
3432 4255 3699 4344 predicti

941 4376 1162 4444 Simon
1198 4389 1262 4442 et
1290 4373 1464 4440 Elias
1489 4372 1747 4439 heredes
1790 4386 1855 4439 et
1881 4371 2174 4461 assignati
2204 4369 2301 4435 sui
2342 4368 2637 4458 predictis
2668 4367 2868 4433 Priori
2908 4379 2974 4433 et
3018 4363 3355 4432 conventui
3384 4376 3448 4428 et
3484 4384 3700 4427 eorum

937 4480 1384 4551 successoribus
1406 4476 1752 4546 octodecim
1774 4476 2056 4543 denarios
2085 4472 2327 4563 argenti
2360 4512 2373 4525 ·
2403 4469 2799 4539 medietatem
2824 4468 3122 4537 videlicet
3142 4468 3221 4535 ad
3241 4467 3467 4535 festum
3490 4464 3703 4530 Sancti

3373 4569 3703 4637 Michaelis
