4295 5410
1985 667 2078 740 39

641 825 960 912 presencia
995 825 1456 914 fidedignorum
1497 823 1700 891 dictus
1737 825 1782 891 J
1783 824 2058 892 ohannes
2100 825 2145 891 J
2146 825 2357 892 uliana
2399 836 2465 891 et
2504 823 2857 912 Margareta
2898 821 3127 890 cadant
3162 846 3199 889 a
3236 823 3415 890 firma

642 954 754 997 sua
773 969 788 984 ·
811 944 877 998 et
895 931 1084 997 liceat
1103 930 1288 997 dictis
1305 929 1510 996 Priori
1532 942 1598 996 et
1616 929 1956 997 conventui
1977 942 2043 995 et
2062 953 2280 995 eorum
2300 928 2749 995 successoribus
2768 927 3005 994 dictum
3026 929 3414 1017 mesuagium

639 1061 784 1104 cum
813 1037 1078 1103 edificiis
1104 1048 1170 1104 et
1195 1035 1596 1124 pertinenciis
1633 1037 1760 1102 suis
1797 1036 1970 1104 licite
1998 1036 2231 1102 intrare
2260 1035 2393 1102 sine
2430 1033 2919 1102 contradictione
2948 1033 3413 1120 cujuscumque.

641 1145 904 1232 Insuper
942 1144 1207 1232 predicti
1233 1144 1278 1210 J
1279 1143 1554 1210 ohannes
1582 1144 1627 1210 J
1629 1143 1837 1210 uliana
1882 1159 1947 1212 et
1975 1143 2335 1233 Margareta
2378 1142 2603 1207 volunt
2645 1155 2711 1207 et
2754 1139 3109 1207 concedunt
3154 1141 3325 1225 quod
3362 1143 3414 1206 si

640 1250 964 1338 contingat
985 1250 1149 1338 ipsos
1177 1249 1340 1316 infra
1369 1249 1704 1316 terminum
1733 1263 2128 1338 prenotatum
2152 1249 2469 1315 discedere
2490 1247 2663 1334 quod
2689 1244 2849 1312 absit
2870 1245 3040 1331 quod
3067 1245 3417 1332 predictum
3556 1271 3564 1276 ·

639 1355 1028 1444 mesuagium
1056 1354 1350 1444 predictis
1379 1354 1584 1420 Priori
1613 1368 1678 1420 et
1722 1355 2062 1422 conventui
2108 1355 2343 1439 absque
2388 1351 2598 1437 aliqua
2642 1349 2996 1437 calumpnia
3044 1363 3110 1416 et
3152 1350 3416 1438 strepitu

632 1462 922 1549 judiciali
950 1462 1192 1550 integre
1221 1475 1554 1527 remaneat.
1853 1453 1860 1458 ’

766 1567 1057 1632 Preterea
1099 1581 1479 1633 conventum
1523 1576 1618 1631 est
1644 1564 1810 1630 inter
1835 1577 2040 1652 partes
2070 1565 2241 1652 quod
2270 1564 2475 1630 dictus
2500 1564 2545 1630 J
2547 1563 2821 1630 ohannes
2847 1562 2892 1628 J
2894 1561 3105 1628 uliana
3146 1576 3211 1629 et
3239 1563 3409 1630 Mar-

639 1685 849 1761 gareta
869 1672 1038 1739 dicta
1065 1670 1312 1738 edificia
1331 1670 1400 1735 in
1421 1669 1546 1736 fine
1574 1669 1824 1735 termini
1846 1669 2067 1757 prefati
2087 1669 2445 1756 relinquent
2463 1668 2591 1739 stef
2606 1685 2673 1736 et
2697 1671 3006 1751 5181111ῶο
3032 1679 3099 1732 et
3116 1693 3245 1735 una
3272 1693 3417 1734 cum

638 1778 758 1844 hoc
787 1778 956 1863 quod
985 1778 1227 1843 solvant
1262 1778 1584 1843 annuatim
1625 1777 2066 1865 Longabulum
2094 1790 2461 1843 consuetum
2491 1777 2753 1842 durante
2780 1777 3047 1842 termino
3077 1774 3409 1842 antedicto,

641 1883 728 1946 Et
749 1882 902 1948 dicti
925 1883 1107 1948 Prior
1134 1894 1200 1950 et
1219 1895 1562 1948 conventus
1581 1895 1648 1946 et
1667 1905 1884 1946 eorum
1913 1904 2289 1947 successores
2310 1879 2551 1948 dictum
2576 1881 2964 1969 mesuagium
2987 1904 3133 1948 cum
3154 1879 3415 1945 edificiis

641 2003 704 2054 et
729 1989 1130 2076 pertinenciis
1179 1989 1306 2055 suis
1335 1988 1518 2054 dictis
1555 1989 1600 2055 J
1601 1988 1834 2055 ohanni
1861 1990 1906 2056 J
1909 1989 2116 2056 uliane
2168 2004 2233 2056 et
2260 1989 2615 2078 Margarete
2664 2013 2860 2075 usque
2906 1989 2986 2056 ad
3024 1989 3217 2054 finem
3256 1986 3410 2052 dicti

639 2095 890 2160 termini
917 2106 992 2160 ut
1019 2094 1444 2182 supradictum
1481 2108 1576 2161 est
1602 2111 1818 2162 contm
1859 2120 2074 2162 omnes
2115 2096 2405 2162 mortales
2443 2095 2935 2162 warentizabunt
2960 2107 3026 2162 et
3053 2093 3406 2160 defendent.

639 2197 718 2262 In
754 2197 932 2283 cujus
969 2197 1061 2263 rei
1090 2197 1516 2264 testimonium
1554 2197 1760 2287 sigilla
1785 2199 2068 2286 parcium
2113 2199 2464 2266 alternatim
2495 2199 2883 2288 presentibus
2928 2212 3075 2265 sunt
3123 2221 3409 2287 appensa.

641 2301 878 2369 Datum
907 2302 1152 2370 Dublin
1175 2302 1278 2368 die
1307 2315 1372 2370 et
1401 2327 1563 2370 anno
1591 2303 1978 2394 supradictis.

1836 2605 2216 2679 XXXVI.

637 2796 752 2872 Bt
804 2808 1140 2870 aucmento
1193 2796 1262 2869 ίιι
1310 2796 1598 2887 patuthts
1633 2792 1880 2878 §aucti
1911 2791 2235 2881 fittbnlai
2278 2794 2347 2867 ίιι
2396 2794 2521 2867 bito
2556 2792 2613 2867 12
2646 2790 3078 2876 &athelstan
3130 2812 3195 2867 tr
3237 2806 3410 2885 parte

638 2914 886 2990 boriali.

816 3055 1076 3124 Mnibus
1099 3057 1334 3124 Christi
1361 3057 1654 3124 fidelibus
1683 3058 1763 3125 ad
1790 3081 1946 3144 quos
1974 3079 2225 3145 presens
2252 3058 2553 3144 scriptum
2581 3055 2938 3143 pervenerit
2962 3056 3183 3147 Agnes
3212 3083 3409 3144 quon-

858 3165 1002 3228 dam
1031 3188 1196 3229 uxor
1225 3163 1478 3229 Ricardi
1507 3162 1754 3251 pistoris
1781 3162 2042 3229 salutem
2077 3200 2090 3213 ·
2121 3161 2389 3227 Noverit
2416 3161 2783 3227 universitas
2812 3175 3015 3229 vestra
3041 3186 3144 3230 me
3173 3164 3413 3233 dedisse

637 3270 1002 3337 concessisse
1031 3284 1096 3336 et
1122 3270 1242 3336 hac
1267 3270 1540 3357 presenti
1567 3282 1737 3336 carta
1763 3292 1904 3334 mea
1931 3268 2321 3334 confirmasse
2352 3268 2492 3333 Deo
2530 3280 2595 3332 et
2622 3268 2802 3333 beate
2832 3266 3035 3335 Marie
3063 3282 3129 3337 et
3155 3271 3411 3339 ecclesie

637 3378 944 3443 Omnium
977 3377 1346 3444 Sanctorum
1383 3377 1575 3462 juxta
1603 3376 1847 3443 Dublin
1892 3390 1956 3442 et
2003 3374 2317 3441 canonicis
2354 3374 2589 3442 ibidem
2620 3374 2761 3439 Deo
2806 3376 3217 3444 servientibus
3247 3416 3261 3431 ·
3295 3402 3409 3467 pro

635 3483 833 3549 salute
863 3481 1068 3547 anime
1096 3504 1234 3547 mee
1257 3493 1322 3546 et
1341 3480 1496 3547 dicti
1524 3480 1780 3547 Ricardi
1801 3480 2010 3568 sponsi
2039 3480 2165 3546 mei
2195 3494 2260 3547 et
2287 3480 2566 3545 omnium
2596 3492 3051 3546 antecessorum
3080 3494 3144 3549 et
3170 3506 3405 3550 succes-

633 3612 842 3655 sorum
869 3611 1153 3654 meorum
1182 3586 1493 3673 quandam
1521 3600 1747 3653 terram
1777 3611 1980 3653 meam
2021 3587 2186 3654 infra
2212 3612 2420 3654 muros
2450 3587 2693 3655 Dublin
2721 3587 2789 3654 in
2818 3589 2961 3657 vico
2990 3590 3069 3657 de
3098 3589 3156 3656 le
3188 3590 3403 3658 Roche

637 3693 708 3758 in
765 3693 1060 3781 parochia
1102 3692 1316 3759 Sancti
1363 3692 1654 3759 Nicholai
1706 3733 1720 3747 ·
1767 3694 1942 3760 illam
2006 3694 2245 3763 scilicet
2292 3710 2521 3762 terram
2576 3719 2698 3783 que
2744 3697 2917 3783 jacet
2960 3697 3125 3763 inter
3179 3711 3405 3765 terram

635 3798 938 3880 Quinilde
983 3811 1048 3863 et
1085 3811 1310 3863 terram
1347 3820 1535 3883 quam
1582 3798 1706 3863 emi
1757 3823 1794 3864 a
1832 3800 2080 3866 Thoma
2106 3800 2239 3866 filio
2268 3800 2535 3867 Walteri
2582 3802 2870 3892 Kipping
2902 3840 2917 3855 ·
2947 3802 3299 3871 habendam
3344 3818 3408 3869 et

635 3904 970 3970 tenendam
999 3903 1230 3971 dictam
1257 3918 1484 3971 terram
1507 3905 1672 3972 dicte
1702 3906 1922 3973 domus
1950 3908 2263 3976 canonicis
2290 3910 2359 3973 in
2387 3934 2609 3997 puram
2638 3925 2702 3976 et
2730 3924 3095 3999 perpetuam
3124 3912 3403 3978 elemosi-

635 4033 780 4075 nam
809 4009 1002 4076 libere
1032 4010 1242 4095 quiete
1271 4010 1526 4098 pacifice
1555 4012 1796 4101 integre
1833 4038 1981 4080 cum
2009 4015 2299 4081 omnibus
2326 4015 2717 4083 libertatibus
2744 4030 2811 4083 et
2837 4017 3049 4085 liberis
3075 4032 3403 4084 consuetu-

635 4115 888 4182 dinibus
917 4116 997 4183 ad
1024 4115 1284 4182 liberam
1306 4116 1705 4184 elemosinam
1733 4120 2205 4207 pertinentibus.
2294 4122 2585 4210 Excepto
2613 4123 2785 4209 quod
2807 4123 2965 4190 dicti
2991 4123 3274 4190 canonici
3303 4124 3405 4190 vel

631 4246 850 4287 eorum
892 4235 1233 4289 attornatus
1276 4226 1740 4313 respondebunt
1787 4228 2038 4316 capitali
2085 4229 2341 4295 domino
2384 4230 2707 4297 annuatim
2753 4230 2833 4296 de
2884 4244 3147 4317 quatuor
3190 4229 3402 4295 solidis

633 4327 1091 4416 sterlingorum.

764 4432 854 4497 Et
879 4444 953 4499 ut
979 4431 1096 4499 hec
1125 4454 1264 4498 mea
1292 4432 1553 4501 donacio
1582 4434 1894 4502 concessio
1921 4447 1986 4503 et
2011 4434 2409 4503 confirmacio
2450 4448 2581 4503 rata
2608 4448 2959 4524 perseveret
2986 4434 3053 4501 in
3082 4446 3395 4524 posterum

3338 4562 3402 4609 et
