4295 5410
2247 633 2340 702 60

915 810 1020 877 1811
1063 812 1481 899 spectantibus
1509 811 1850 900 poterimus
1891 811 2147 900 exigere
2190 811 2293 878 vel
2321 811 2650 878 vendicare
2678 811 2748 876 in
2776 828 3165 900 perpetuum.
3254 814 3331 878 In
3375 814 3551 900 cujus
3592 815 3681 878 rei

914 917 1340 984 testimonium
1368 918 1758 1006 presentibus
1784 919 1980 985 literis
2008 919 2287 1008 sigillum
2313 944 2525 986 meum
2564 921 2842 1008 apposui.
2930 920 3076 986 Hiis
3104 920 3363 988 testibus
3389 958 3403 971 ·
3428 921 3681 986 domino

917 1023 1192 1091 Roberto
1214 1023 1437 1112 Bagod
1463 1037 1615 1090 tunc
1643 1025 1684 1090 J
1687 1023 2000 1089 usticiario
2031 1024 2108 1090 de
2138 1023 2351 1091 Banco
2378 1062 2391 1077 ·
2417 1024 2665 1090 Thoma
2692 1025 2771 1090 de
2794 1024 3083 1114 Hysham
3110 1025 3477 1091 vicecomite
3500 1023 3679 1090 Dub-

917 1135 1010 1199 lin
1037 1173 1052 1187 ·
1073 1135 1180 1200 W.
1213 1135 1293 1201 de
1330 1134 1586 1200 Bristoll
1630 1147 1784 1201 tunc
1828 1135 2061 1221 majore
2091 1134 2336 1201 Dublin
2369 1174 2381 1186 ·
2414 1133 2668 1199 domino
2698 1119 2847 1200 Ada
2873 1133 3044 1200 Petit
3074 1171 3088 1184 ·
3113 1132 3367 1201 domino
3396 1131 3682 1199 Wlfrano

917 1241 1184 1307 Bernale
1227 1279 1240 1292 ·
1281 1240 1553 1306 Geraldo
1591 1241 1812 1329 Tyrell
1852 1280 1866 1293 ·
1906 1241 2231 1307 Willelmo
2268 1240 2439 1307 Petit
2473 1278 2486 1291 ·
2519 1239 2841 1307 Willelmo
2878 1239 3313 1328 Balygodman
3346 1277 3361 1290 ·
3394 1239 3438 1306 J
3440 1240 3683 1304 ohanne

915 1346 1236 1412 Wodelok
1261 1385 1274 1399 ·
1298 1346 1363 1410 N
1363 1347 1607 1414 10110180
1632 1348 1912 1437 Skybras
1938 1388 1952 1402 ·
1974 1349 2018 1416 J
2020 1349 2265 1415 ohanne
2294 1349 2515 1416 Abbot
2546 1387 2558 1400 ·
2590 1347 2935 1415 Bertrando
2956 1348 3177 1415 Abbot
3208 1387 3222 1399 ·
3258 1347 3512 1414 Simone
3532 1347 3680 1412 Pas-

918 1450 1139 1517 selewe
1161 1463 1226 1516 et
1247 1450 1400 1516 aliis.
1489 1451 1728 1517 Datum
1751 1453 1994 1520 Dublin
2014 1453 2084 1518 in
2103 1453 2259 1520 festo
2276 1452 2725 1541 Apostolorum
2750 1451 3021 1519 Simonis
3042 1465 3105 1519 et
3125 1452 3169 1519 J
3169 1453 3295 1519 ude
3322 1475 3485 1520 811110
3506 1453 3682 1539 regni

919 1554 1086 1642 regis
1114 1553 1413 1621 Edwardi
1442 1567 1622 1622 sexto
1652 1556 1911 1623 decimo.

2155 1817 2437 1891 LXIV.

1781 2004 1896 2078 m
1930 2005 2052 2094 1113.
2089 2005 2251 2078 attis
2290 2004 2358 2077 ίιι
2390 2003 2807 2092 3311101181.

1052 2189 1238 2256 ciant
1266 2205 1577 2278 presentes
1603 2205 1670 2259 et
1684 2192 1880 2257 futuri
1911 2193 2080 2279 quod
2097 2217 2216 2282 ego
2231 2192 2592 2259 Willelmus
2611 2192 2777 2258 filius
2795 2192 3219 2258 Bar-tholomei
3236 2194 3315 2259 de
3346 2217 3592 2262 assensu
3619 2211 3683 2261 et

1091 2320 1392 2362 consensu
1420 2297 1636 2363 uxoris
1664 2322 1801 2363 mee
1818 2297 2088 2386 Agnetis
2116 2311 2183 2364 et
2208 2298 2511 2364 heredum
2531 2321 2810 2364 meorum
2828 2297 2975 2363 dedi
3002 2299 3275 2365 concessi
3304 2313 3369 2365 et
3395 2300 3515 2366 1100
3543 2325 3680 2389 pre·

917 2400 1078 2467 senti
1105 2415 1273 2468 carta
1300 2426 1440 2468 mea
1467 2402 1829 2469 confirmavi
1847 2401 2050 2468 Priori
2073 2415 2138 2469 et
2154 2403 2493 2469 conventui
2515 2403 2819 2469 Omnium
2845 2403 3211 2469 Sanctorum
3230 2405 3422 2491 juxta
3439 2405 3680 2473 Dublin

917 2523 982 2573 et
1030 2531 1244 2574 eorum
1285 2507 1734 2574 successoribus
1784 2507 2097 2593 quandam
2149 2509 2507 2596 porcionem
2552 2519 2711 2573 terre
2750 2531 2889 2574 mee
2933 2507 3001 2572 in
3034 2508 3371 2596 Kylmelan
3402 2547 3417 2561 ·
3448 2510 3683 2576 scilicet

918 2627 1182 2702 quatuor
1212 2637 1379 2679 acras
1419 2614 1711 2701 proximo
1732 2612 2010 2699 jacentes
2032 2611 2379 2678 sanctuario
2410 2611 2717 2677 dictorum
2747 2611 2980 2677 Prior-is
3008 2626 3073 2679 et
3100 2625 3443 2678 conventus
3470 2638 3681 2680 versus

919 2722 1305 2789 occidentem
1335 2743 1457 2806 que
1502 2719 1856 2785 extendunt
1881 2718 1950 2782 in
1979 2718 2241 2805 longum
2276 2716 2467 2803 juxta
2510 2716 2681 2782 viam
2724 2740 2921 2803 usque
2968 2717 3048 2782 ad
3092 2730 3318 2783 terram
3348 2718 3681 2808 Reginaldi

919 2829 1052 2914 Serj
1060 2840 1212 2893 aunt
1236 2865 1249 2877 ·
1274 2826 1570 2892 tenendas
1599 2838 1664 2891 et
1698 2824 2014 2891 habendas
2043 2823 2164 2889 sibi
2192 2837 2257 2889 et
2294 2823 2741 2890 successoribus
2770 2822 2896 2889 suis
2936 2822 3179 2912 integre
3207 2838 3272 2889 01
3299 2824 3573 2912 plenarie
3603 2826 3681 2892 de

917 2961 1019 3003 me
1047 2949 1113 3001 01
1140 2933 1474 3001 heredibus
1504 2934 1657 2999 meis
1691 2972 1704 2983 ·
1736 2932 2054 2999 reddendo
2085 2931 2406 2997 annuatim
2423 2931 2544 3019 ipsi
2573 2944 2637 2995 01
2664 2954 3037 2997 successores
3066 2930 3162 2995 sui
3190 2931 3383 2997 michi
3412 2944 3478 2998 01
3504 2932 3676 2999 11010-

917 3045 1101 3110 dibus
1129 3042 1284 3109 meis
1309 3066 1500 3108 unam
1527 3041 1753 3109 libram
1781 3041 2018 3107 cumini
2046 3038 2151 3107 vel
2177 3039 2458 3128 precium
2487 3040 2566 3104 ad
2588 3040 2783 3105 Pasca
2810 3062 2923 3126 pro
2953 3038 3122 3103 omni
3152 3038 3479 3105 exactione
3508 3062 3678 3105 secu-

914 3149 1030 3213 lari
1057 3162 1123 3216 et
1150 3148 1458 3215 demanda
1486 3147 1565 3214 ad
1593 3148 1823 3213 dictam
1853 3160 2075 3213 terram
2105 3146 2476 3235 pertinente.

1045 3256 1135 3321 Et
1161 3276 1274 3344 pro
1303 3256 1420 3321 hae
1459 3278 1599 3321 mea
1626 3254 1968 3321 donacione
2007 3268 2072 3320 et
2099 3254 2437 3321 collacione
2476 3253 2682 3341 recepi
2710 3266 2833 3319 tres
2860 3276 3094 3319 marcas
3132 3252 3371 3340 argenti
3401 3265 3465 3317 01
3492 3251 3675 3315 dimi·

919 3364 1087 3429 diam
1115 3387 1153 3428 8
1181 3361 1432 3451 prefatis
1460 3360 1678 3427 Priore
1706 3374 1770 3427 et
1797 3373 2114 3427 conventu
2140 3358 2211 3423 in
2252 3356 2702 3446 urgentissimis
2744 3356 2899 3423 meis
2936 3355 3209 3443 agendis.
3298 3355 3439 3443 Ego
3470 3369 3675 3420 autem

916 3468 1276 3536 Willelmus
1305 3483 1370 3536 01
1384 3468 1644 3535 heredes
1670 3469 1796 3535 mei
1814 3468 2271 3557 prenominatas
2300 3479 2565 3553 quatuor
2593 3488 2759 3531 seras
2788 3462 3323 3530 warentizabimus
3351 3461 3677 3549 sepedictis

915 3574 1120 3641 Priori
1149 3588 1214 3641 et
1239 3574 1577 3641 conventui
1605 3587 1670 3639 et
1697 3573 2145 3640 successoribus
2174 3571 2299 3637 suis
2328 3582 2542 3637 contra
2576 3591 2789 3634 omnes
2817 3567 3099 3633 homines
3136 3580 3201 3633 01
3226 3566 3502 3633 feminas·
3589 3566 3679 3631 Et

912 3692 988 3744 ut
1013 3679 1083 3743 in
1110 3692 1426 3767 posterum
1453 3702 1594 3744 mea
1622 3676 1883 3744 donacio
1911 3688 1976 3743 01
2003 3674 2315 3742 concessio
2336 3676 2527 3740 robur
2555 3672 2833 3760 optineat
2852 3672 3161 3739 firmitatis
3188 3672 3457 3761 presenti
3484 3672 3673 3759 scrip-

913 3800 1052 3853 ture
1081 3786 1360 3874 sigillum
1386 3807 1597 3850 meum
1627 3781 1904 3870 apposui.
1991 3780 2137 3845 Hiis
2166 3778 2425 3845 testibus
2458 3815 2471 3829 ·
2492 3775 2598 3840 W.
2631 3775 2709 3841 de
2732 3774 2952 3863 Feypo
2978 3814 2991 3828 ·
3015 3777 3059 3842 J
3061 3777 3303 3843 ohanne
3333 3776 3671 3843 Wodeloc·

913 3893 1212 3982 Philippo
1241 3892 1320 3957 de
1350 3890 1492 3957 Rad
1524 3928 1536 3940 ·
1568 3888 1632 3953 N
1632 3887 1876 3953 10110180
1905 3886 1983 3951 de
2012 3884 2275 3950 Lakono
2308 3921 2322 3935 ·
2352 3882 2661 3949 Nicholao
2690 3882 2911 3948 abbate
2946 3921 2958 3931 ·
2990 3882 3096 3947 W.
3122 3882 3356 3948 Bosard
3391 3922 3402 3933 -
3436 3882 3670 3947 Radul—

913 3999 1042 4087 pho
1075 3998 1366 4084 Ser-jaunt
1397 4036 1408 4047 ·
1443 3996 1711 4063 Ricardo
1745 3994 2036 4081 Serjaunt
2067 4032 2080 4045 ·
2116 3992 2369 4059 Simone
2400 3990 2625 4057 clerieo
2653 4002 2717 4056 et
2746 3988 2897 4054 aliis.

3464 4538 3673 4603 LXV.
