4295 5410
2254 668 2386 717 100

2202 920 2421 997 XIV.

925 1109 1069 1209 [332
1103 1110 1211 1185 litt
1245 1126 1431 1202 supet
1467 1096 1718 1183 ettl'tsia
1752 1108 2090 1183 &mnium
2124 1107 2530 1193 aeanttotum
2564 1110 2725 1183 inttt
2759 1109 2986 1201 epist.
3022 1110 3201 1201 1112.
3239 1122 3297 1183 tt
3332 1106 3660 1207 atthica]

1833 1225 2047 1303 filimi
2079 1228 2345 1317 fflegfzt.
2398 1227 2507 1301 fol.
2556 1232 2713 1301 118.
2747 1233 2807 1301 u.

1146 1430 1270 1496 Dei
1299 1430 1499 1517 gratia
1527 1430 1689 1517 Lug.
1722 1428 2003 1497 Ecclesie
2031 1428 2385 1518 Episcopus
2404 1430 2729 1497 Universis
2758 1444 2969 1497 sancte
2998 1430 3213 1495 matris
3244 1430 3529 1497 Ecclesie
3556 1428 3702 1495 filiis

1093 1570 1134 1610 ς
1187 1535 1268 1601 ad
1297 1560 1452 1622 quos
1488 1558 1740 1624 presens
1768 1552 1936 1601 carta
1964 1536 2322 1623 pervenerit
2348 1550 2627 1603 eternam
2656 1537 2725 1603 in
2755 1536 3035 1602 Domino
3066 1536 3349 1601 salutem.
3436 1535 3704 1602 Noverit

913 1643 1284 1709 universitas
1325 1656 1532 1709 vestra
1575 1642 1707 1709 Nos
1751 1643 2144 1709 renunciasse
2174 1642 2275 1710 liti
2302 1658 2368 1709 et
2395 1645 2814 1711 controversie
2844 1668 2967 1731 que
2996 1644 3359 1710 vertebatur
3394 1644 3560 1710 inter
3586 1668 3700 1709 nos

915 1764 982 1815 et
1012 1750 1076 1815 J.
1109 1748 1342 1813 Duvel.
1372 1747 1942 1835 Archiepiscopum
1985 1771 2174 1835 super
2208 1748 2493 1815 Ecclesia
2528 1750 2838 1816 Omnium
2886 1750 3259 1817 Sanctorum
3298 1763 3483 1815 extra
3526 1749 3696 1816 Duv.

913 1869 978 1921 et
1006 1877 1258 1919 omnem
1286 1852 1708 1941 calumpniam
1735 1874 1924 1937 quam
1953 1850 2291 1917 habuimus
2329 1852 2625 1920 adversus
2655 1877 2803 1919 eum
2832 1878 3017 1941 super
3044 1854 3263 1919 eadem
3292 1853 3553 1919 ecclesia
3580 1854 3697 1919 im-

910 1976 1284 2051 perpetuum
1315 1961 1589 2047 quietam
1619 1960 1932 2026 clamasse.
2019 1960 2119 2025 Ita
2147 1972 2357 2026 tamen
2396 1961 2567 2047 quod
2596 1961 2731 2027 Nos
2773 1962 3018 2048 integre
3058 1974 3122 2025 et
3159 1960 3371 2046 quiete
3410 1974 3476 2025 et
3500 1960 3697 2027 libere

910 2086 1044 2137 tota
1063 2071 1195 2137 vita
1223 2084 1432 2136 nostra
1461 2067 1884 2157 possideamus
1913 2080 1978 2133 et
2005 2080 2327 2133 teneamus
2356 2068 2436 2133 de
2465 2068 2771 2157 prelibato
2793 2068 2852 2133 J.
2866 2066 3097 2133 Duvel.
3111 2066 3605 2155 Archiepiscopo
3634 2079 3700 2132 et

911 2177 991 2243 de
1037 2176 1295 2243 ecclesia
1345 2176 1572 2241 Sancte
1613 2172 1942 2239 Trinitatis
1988 2172 2335 2261 predictam
2385 2173 2712 2241 ecclesiam
2772 2173 3079 2239 Omnium
3133 2172 3503 2239 Sanctorum
3551 2197 3698 2239 cum

910 2283 1197 2349 omnibus
1225 2282 1627 2371 pertinenciis
1657 2282 1782 2347 suis
1815 2320 1828 2333 ·
1861 2294 1926 2347 et
1953 2295 2027 2347 ut
2053 2282 2172 2347 hec
2202 2284 2546 2349 convencio
2574 2284 2755 2349 firma
2782 2282 2865 2348 sit
2894 2296 2959 2347 et
2987 2281 3254 2347 valitura
3286 2280 3694 2369 imposterum

907 2390 1038 2455 Nos
1067 2414 1204 2456 eam
1231 2390 1532 2478 presentis
1554 2402 1720 2456 carte
1743 2388 2101 2456 testimonio
2130 2403 2198 2454 et
2224 2389 2417 2478 sigilli
2440 2391 2635 2465 nostri
2665 2390 3033 2457 auctoritate
3063 2389 3517 2456 confirmamus,
3550 2387 3695 2453 Hiis

915 2497 1210 2563 Testibus
1237 2512 1354 2563 etc.

2203 2685 2382 2758 XV.

1336 2875 1481 2976 [De
1513 2872 1759 2950 {insula
1795 2868 1933 2957 ξύ.
1973 2869 2413 2970 §albanum
2490 2871 2610 2948 al.
2646 2873 2819 2963 meg.
2856 2870 2967 2945 fol.
3012 2895 3168 2968 159.
3202 2873 3262 2943 t«.

1100 3060 1380 3127 Niversis
1417 3071 1626 3125 sancte
1664 3057 1879 3122 matris
1916 3054 2201 3122 Ecclesie
2239 3053 2385 3120 filiis
2426 3055 2505 3120 ad
2536 3079 2691 3142 quos
2720 3077 2970 3142 presens
3008 3053 3307 3142 scriptum
3336 3055 3693 3142 pervenerit

1145 3167 1232 3234 H.
1263 3165 1389 3233 Dei
1417 3164 1621 3254 gratia
1649 3161 1893 3228 Dublin
1910 3161 2443 3250 Archiepiscopus
2473 3162 2774 3226 Eternam
2802 3161 2871 3226 in
2894 3160 3170 3225 Domino
3200 3159 3480 3227 salutem.
3540 3163 3689 3226 Pas-

905 3277 1114 3344 toralis
1143 3274 1334 3340 officii
1362 3297 1491 3339 esse
1521 3269 1864 3336 dinoscitur
1892 3285 2165 3336 errantes
2193 3270 2261 3334 in
2290 3269 2460 3341 viam
2489 3268 2703 3335 salutis
2730 3268 3027 3334 reducere
3058 3281 3123 3333 et
3148 3267 3219 3332 in
3247 3268 3352 3333 via
3374 3269 3499 3334 Dei
3527 3269 3689 3335 scin-

905 3406 1044 3447 cere
1087 3379 1444 3446 incedentes
1487 3373 1910 3463 spiritualibus
1955 3373 2211 3438 monitis
2256 3386 2321 3438 et
2362 3371 2809 3459 temporalibus
2852 3372 3107 3438 auxiliis
3140 3411 3153 3424 -
3194 3386 3268 3439 ut
3302 3397 3367 3439 se
3406 3375 3487 3440 ad
3516 3389 3689 3441 ante·

904 3488 1068 3551 riora
1109 3483 1350 3550 facilius
1389 3480 1738 3547 extendant
1769 3517 1782 3530 ·
1815 3477 2111 3542 attentius
2156 3477 2485 3543 confovere
2528 3513 2542 3526 ·
2585 3475 2685 3542 Ea
2712 3475 2792 3540 de
2820 3500 2887 3542 re
2916 3491 3359 3564 cognoscentes
3386 3481 3689 3565 quosdam

906 3592 984 3656 de
1021 3590 1351 3678 Religione
1393 3587 1464 3652 in
1495 3599 1706 3652 nostra
1748 3584 2002 3650 Diocesi
2041 3608 2170 3649 non
2210 3583 2358 3650 satis
2400 3583 2643 3672 integre
2679 3607 2855 3649 suam
2893 3583 3204 3672 complere
3247 3585 3691 3673 professionem

905 3693 1067 3761 sedis
1097 3693 1430 3782 apostolice
1461 3717 1646 3782 super
1673 3693 1792 3758 hac
1821 3716 1888 3757 re
1917 3705 2284 3779 preceptum
2312 3691 2658 3778 recepimus
2686 3705 2761 3756 ut
2786 3689 3083 3758 videlicet
3124 3693 3453 3758 canonicos
3481 3695 3689 3759 minus

907 3803 1220 3867 ordinatos
1263 3812 1328 3866 et
1378 3799 1682 3887 dispersos
1726 3798 1806 3864 ad
1841 3797 2028 3864 unius
2079 3798 2253 3864 domi
2300 3811 2365 3864 et
2406 3797 2630 3885 prelati
2678 3797 3027 3884 regularem
3084 3798 3519 3864 reduceremus
3562 3801 3689 3865 dis-

907 3906 1304 3974 trinctionem
1338 3945 1351 3960 ·
1382 3907 1817 3973 confirmantes
1863 3905 2120 3972 ecclesie
2171 3905 2478 3971 Omnium
2527 3905 2899 3972 Sanctorum
2936 3905 3128 3991 juxta
3158 3906 3401 3972 Dublin
3444 3921 3509 3972 et
3547 3910 3685 3974 Pri-

905 4017 1115 4082 oribus
1156 4016 1621 4103 imperpetuum
1650 4013 1718 4077 in
1747 4013 1967 4078 eadem
1995 4012 2255 4079 ecclesia
2288 4013 2655 4080 successuris
2684 4013 2962 4080 Insulam
2996 4013 3209 4080 Sancti
3244 4013 3579 4082 Salvatoris
3609 4017 3687 4082 de

905 4121 1326 4210 Glindelaghe
1374 4143 1521 4186 cum
1573 4119 1862 4186 omnibus
1909 4121 2397 4208 possessionibus
2448 4135 2513 4187 et
2558 4121 2961 4209 pertinenciis
3008 4123 3089 4188 ad
3135 4123 3367 4189 dictam
3408 4123 3687 4191 Insulam

903 4224 1360 4314 pertinentibus
1403 4235 1469 4289 et
1511 4247 1585 4289 ea
1620 4223 1786 4289 dicte
1825 4222 2083 4289 ecclesie
2113 4223 2420 4289 Omnium
2463 4225 2831 4292 Sanctorum
2860 4226 3151 4292 Priorum
3188 4228 3457 4316 regulari
3488 4230 3685 4319 depu-

905 4348 1106 4400 tamus
1156 4331 1520 4420 subjecioni.
1610 4331 1710 4396 Ita
1755 4345 1828 4397 ut
1873 4331 2056 4396 Prior
2097 4344 2164 4396 et
2200 4345 2543 4398 conventus
2587 4333 2752 4400 dicte
2790 4333 3001 4399 Insule
3044 4334 3297 4400 monitis
3336 4337 3685 4404 salubribus

902 4444 1193 4510 Priorum
1232 4441 1544 4534 sepedicte
1580 4438 1838 4506 ecclesie
1869 4441 2175 4506 Omnium
2215 4441 2585 4508 Sanctorum
2626 4440 2960 4530 diligenter
3002 4441 3415 4529 respondeant
3444 4455 3509 4508 et
3538 4446 3681 4510 obe-

3508 4549 3683 4615 diant
