4295 5410
2236 687 2329 756 90

899 844 1204 911 Hibernie
1243 845 1310 909 in
1341 843 1590 933 capitali
1622 844 1836 932 placea
1873 856 2081 909 nostra
2109 842 2419 909 Hibernie
2452 841 2531 908 ad
2552 842 2825 928 juratam
2860 865 3046 931 super
3074 840 3387 930 premissis
3424 840 3674 929 capien-

898 950 1042 1016 dam
1089 953 1205 1016 sub
1249 950 1409 1038 pede
1449 950 1638 1038 sigilli
1677 950 1870 1014 nostri
1907 949 2107 1014 missis
2142 949 2328 1036 plane
2368 948 2568 1034 liquet
2600 987 2612 999 ·
2644 949 3213 1034 subsequenterque
3257 971 3368 1034 per
3397 947 3673 1033 juratam

898 1057 1044 1121 inde
1074 1057 1237 1122 inter
1264 1081 1376 1121 nos
1405 1070 1469 1121 et
1497 1056 1804 1143 prefatum
1841 1079 2010 1121 nunc
2039 1054 2322 1119 Priorem
2351 1078 2559 1121 coram
2604 1054 2833 1120 dilecto
2867 1066 2932 1120 et
2968 1054 3143 1120 fideli
3186 1066 3395 1119 nostro
3426 1052 3675 1117 Thoma

903 1162 1220 1227 Swetman
1263 1163 1512 1249 capitali
1543 1163 1890 1248 justiciario
1937 1177 2146 1228 nostro
2187 1164 2267 1229 ad
2302 1162 2531 1250 placita
2573 1161 2896 1228 dominum
2936 1162 3357 1247 justiciarium
3394 1173 3675 1225 nostrum

903 1267 1208 1333 Hibernie
1249 1268 1569 1353 sequentia
1609 1268 1880 1333 tenenda
1923 1267 2230 1355 assignato
2274 1267 2444 1354 apud
2485 1267 2728 1333 Dublin
2762 1280 3059 1355 pretextu
3096 1267 3425 1353 cujusdam
3468 1264 3675 1332 brevis

901 1372 1096 1435 nostri
1135 1371 1213 1437 de
1252 1371 1372 1436 nisi
1412 1372 1582 1460 prius
1628 1371 1840 1438 debito
1885 1370 2273 1438 mediacione
2319 1395 2605 1459 processu
2653 1384 2899 1458 captam
2940 1386 3035 1438 est
3076 1386 3465 1461 compertum
3508 1371 3678 1458 quod

901 1478 1216 1565 predictus
1251 1480 1295 1545 J
1297 1480 1570 1546 ohannes
1617 1481 1930 1567 quondam
1981 1480 2166 1546 Prior
2208 1479 2439 1546 dictam
2482 1493 2829 1546 carucatam
2877 1494 3037 1546 terre
3083 1504 3230 1546 cum
3279 1479 3678 1568 pertinenciis

901 1584 1083 1650 dictis
1100 1586 1143 1650 J
1145 1586 1376 1650 ohanni
1407 1586 1594 1651 Hunt
1620 1600 1685 1652 et
1700 1587 1744 1652 J
1747 1587 1992 1651 ohanne
2020 1585 2209 1651 uxori
2238 1585 2373 1671 ejus
2396 1586 2477 1651 ad
2497 1586 2832 1651 terminum
2864 1586 3080 1652 decem
3110 1599 3176 1651 et
3204 1600 3343 1651 octo
3373 1609 3676 1651 annorum

902 1691 1140 1757 dimisit
1171 1731 1184 1744 ·
1215 1707 1402 1780 prout
1430 1694 1562 1782 ipse
1592 1718 1760 1762 nunc
1796 1696 1977 1759 Prior
2015 1693 2299 1781 superius
2343 1693 2699 1782 placitando
2738 1693 3033 1782 allegavit
3077 1695 3308 1779 absque
3342 1694 3463 1759 hoc
3507 1692 3677 1778 quod

901 1796 1216 1883 predictus
1261 1799 1305 1864 J
1307 1799 1579 1865 ohannes
1626 1801 1942 1886 quondam
1985 1798 2168 1864 Prior
2210 1798 2473 1864 eandem
2516 1810 2865 1864 carucatam
2908 1810 3069 1864 terre
3112 1798 3363 1885 prefatis
3398 1798 3443 1863 J
3445 1798 3678 1865 ohanni

904 1904 1090 1971 Hunt
1117 1920 1181 1972 et
1199 1907 1243 1972 J
1245 1909 1488 1974 ohanne
1516 1910 1868 1976 habendam
1898 1907 2018 1973 sibi
2047 1921 2112 1973 et
2139 1906 2473 1972 heredibus
2502 1919 2567 1971 et
2597 1904 2917 1993 assignatis
2945 1904 3139 1993 ipsius
3154 1905 3199 1970 J
3201 1903 3462 1971 ohannis
3492 1903 3679 1968 Hunt

900 2011 1362 2101 imperpetuum
1407 2014 1703 2081 alienavit
1741 2028 1926 2103 prout
1953 2037 2068 2102 per
2095 2036 2345 2079 causam
2372 2012 2717 2100 predictam
2748 2012 3120 2100 supponitur
3152 2052 3165 2065 ·
3198 2015 3322 2080 Per
3350 2015 3520 2101 quod
3548 2038 3677 2080 ma·-

901 2137 1055 2178 num
1093 2130 1364 2182 nostram
1393 2143 1429 2183 a
1459 2118 1626 2184 dicta
1668 2131 1954 2184 carucata
1995 2130 2157 2183 terre
2200 2140 2345 2182 cum
2388 2116 2789 2204 pertinenciis
2832 2118 2885 2182 si
2929 2119 3247 2185 occasione
3292 2120 3572 2207 predicta
3614 2136 3680 2185 et

903 2245 1032 2285 non
1061 2221 1182 2287 alia
1207 2222 1275 2287 in
1305 2247 1495 2289 manu
1523 2237 1732 2289 nostra
1769 2222 1988 2289 existit
2026 2246 2314 2288 amovere
2350 2235 2415 2287 et
2442 2221 2615 2287 illam
2644 2246 2771 2289 una
2799 2248 2945 2289 cum
2972 2224 3250 2290 exitibus
3278 2225 3427 2291 inde
3457 2250 3494 2291 a
3521 2239 3676 2292 tem-

903 2351 1053 2414 pore
1098 2330 1410 2415 capcionis
1457 2329 1736 2415 ejusdem
1775 2331 1844 2394 in
1887 2353 2142 2395 manum
2193 2342 2465 2395 nostram
2508 2330 2713 2397 eidem
2743 2331 3067 2399 Willelmo
3110 2358 3279 2401 nunc
3324 2336 3528 2402 Priori
3567 2362 3681 2425 per

903 2433 1231 2499 consilium
1260 2435 1430 2501 curie
1473 2450 1679 2502 nostre
1721 2435 1964 2501 restitui
2009 2449 2075 2501 et
2120 2435 2371 2501 liberari
2421 2436 2919 2522 adjudicavimus
2952 2440 3097 2525 jure
3143 2454 3352 2506 nostro
3395 2443 3568 2531 regio
3610 2443 3679 2507 in

903 2543 1192 2608 omnibus
1221 2566 1464 2633 semper
1491 2544 1678 2610 salvo,
1739 2545 1828 2609 Et
1853 2544 1997 2611 ideo
2025 2542 2206 2610 vobis
2250 2544 2617 2609 mandamus
2658 2545 2828 2631 quod
2856 2570 3113 2612 manum
3142 2562 3413 2613 nostram
3445 2574 3480 2613 a
3509 2548 3676 2615 dicta

901 2660 1186 2714 carucata
1213 2662 1373 2715 terre
1401 2672 1546 2715 cum
1578 2648 1975 2738 pertinenciis
2004 2648 2056 2714 si
2091 2648 2410 2715 occasione
2438 2650 2719 2738 predicta
2747 2664 2811 2717 et
2839 2674 2965 2717 non
2994 2651 3117 2719 alia
3152 2653 3222 2718 in
3251 2677 3441 2720 manu
3469 2669 3677 2722 nostra

899 2754 1119 2820 existit
1146 2779 1432 2821 amovere
1462 2769 1527 2821 et
1552 2755 1726 2821 illam
1753 2780 1881 2821 una
1907 2779 2053 2821 cum
2081 2754 2359 2821 exitibus
2386 2755 2535 2821 inde
2566 2780 2603 2821 a
2629 2769 2907 2844 tempore
2946 2759 3259 2847 capcionis
3302 2761 3580 2846 ejusdem
3608 2763 3676 2826 in

899 2887 1156 2929 manum
1185 2881 1456 2930 nostram
1500 2864 1705 2930 eidem
1732 2864 2058 2931 Willelmo
2087 2889 2258 2930 nunc
2290 2864 2493 2928 Priori
2536 2864 2669 2929 sine
2714 2864 3020 2930 dilacione
3060 2864 3303 2931 restitui
3333 2880 3397 2931 et
3425 2865 3673 2932 liberari

901 2970 1140 3035 faciatis
1150 2971 1343 3056 juxta
1358 2970 1983 3037 formamconsuetam
2006 2968 2178 3034 curie
2196 2980 2402 3034 nostre
2426 2968 2722 3056 predicte.
2755 2970 2943 3036 Teste
2965 3008 2979 3022 ·
3003 2970 3047 3035 J
3048 2969 3293 3036 ohanne
3317 2971 3396 3036 de
3418 2971 3677 3060 Stanley

895 3073 1240 3158 justiciario
1269 3084 1477 3138 nostro
1501 3072 1808 3139 Hibernie
1827 3071 1997 3159 apud
2009 3072 2211 3160 Trym
2240 3071 2354 3136 xii.
2380 3071 2482 3137 die
2502 3072 2727 3138 Marcii
2750 3097 2913 3139 anno
2934 3075 3112 3162 regni
3134 3075 3328 3142 nostri
3347 3078 3675 3163 quartode-

902 3181 1066 3246 cimo
1100 3221 1112 3233 ·
1144 3195 1440 3269 pretextu
1482 3182 1661 3267 cujus
1711 3181 1916 3247 brevis
1963 3204 2073 3246 nos
2109 3180 2381 3268 prefatus
2423 3194 2696 3247 escaetor
2739 3183 3081 3270 predictam
3124 3197 3473 3250 carucatam
3516 3197 3677 3250 terre

903 3311 1047 3351 cum
1077 3287 1476 3375 pertinenciis
1513 3288 1750 3375 prefato
1789 3287 1992 3352 Priori
2024 3301 2087 3353 et
2114 3287 2451 3352 conventui
2487 3311 2613 3353 una
2651 3312 2796 3354 cum
2833 3288 3109 3355 exitibus
3139 3289 3539 3356 liberavimus
3566 3291 3676 3356 ha-

903 3398 1172 3463 bendam
1202 3397 1406 3463 eidem
1429 3396 1632 3462 Priori
1652 3397 1845 3483 juxta
1863 3408 2144 3460 tenorem
2174 3393 2327 3459 dicti
2354 3392 2561 3459 brevis
2590 3394 2830 3459 domini
2858 3395 3052 3484 Regis
3085 3435 3098 3447 ·
3130 3397 3209 3461 In
3237 3397 3416 3482 cujus
3436 3396 3527 3462 rei
3556 3409 3676 3462 tes-

903 3503 1236 3568 timonium
1265 3503 1540 3592 sigillum
1580 3503 1769 3570 officii
1798 3502 1992 3568 nostri
2021 3500 2286 3590 predicti
2316 3500 2705 3590 presentibus
2748 3514 2843 3566 est
2880 3525 3225 3589 appensum
3258 3541 3272 3554 ·
3305 3502 3542 3568 Datum
3574 3502 3675 3568 die

904 3623 969 3676 et
997 3634 1158 3675 anno
1187 3609 1571 3698 supradictis.

2238 3850 2331 3922 V.

1637 4029 2013 4130 [melmun
2044 4035 2116 4102 δε
2150 4030 2328 4105 tertis
2364 4031 2431 4102 ίιι
2464 4028 2756 4116 matun,
2792 4025 2938 4126 ὅτι]

1069 4201 1073 4206 ’
1111 4216 1378 4282 Enricus
1407 4213 1533 4282 Dei
1559 4215 1768 4303 gracia
1797 4215 1942 4280 Rex
1957 4213 2191 4302 Anglie
2218 4225 2285 4279 et
2312 4211 2577 4278 Francie
2606 4226 2671 4278 et
2700 4211 3013 4278 Dominus
3042 4211 3353 4278 Hibernie
3381 4213 3670 4280 omnibus

1152 4325 1233 4390 ad
1278 4346 1431 4409 quos
1476 4335 1786 4410 presentes
1832 4323 2009 4389 litere
2054 4323 2457 4410 pervenerint
2500 4320 2778 4386 salutem.
2870 4319 3093 4386 Sciatis
3141 4318 3310 4405 quod
3357 4319 3435 4384 de
3466 4319 3677 4407 gracia

905 4443 1111 4496 nostra
1161 4428 1414 4516 speciali
1464 4430 1542 4495 de
1587 4452 1836 4496 assensu
1879 4430 2253 4498 venerabilis
2295 4430 2363 4494 in
2405 4428 2657 4494 Christo
2704 4426 2893 4515 patris
2934 4427 3181 4492 Thome
3226 4425 3673 4514 archiepiscopi

3426 4531 3669 4628 Dublin
