4295 5410
1540 1446 2343 1552 APPENDIX.

1924 2028 1979 2098 Ι.

1331 2209 1476 2310 [Ὧι
1512 2224 1851 2285 tenemento
1883 2218 1955 2285 he
1987 2210 2558 2311 {Benenatbhtuffl

686 2396 876 2463 Ciant
911 2409 1224 2484 presentes
1262 2408 1326 2459 et
1363 2394 1562 2460 futuri
1591 2396 1760 2481 quod
1790 2420 1908 2483 ego
1947 2399 2338 2483 [Jolzannes]
2381 2398 2460 2461 de
2491 2396 2744 2462 Hoethe
2765 2395 2983 2482 junior
3012 2394 3158 2460 dedi
3191 2420 3337 2461 con-

728 2502 882 2568 cessi
920 2517 984 2567 et
1028 2501 1146 2565 hac
1184 2498 1455 2588 presenti
1503 2513 1672 2564 carta
1711 2523 1850 2564 mea
1886 2500 2251 2566 confirmavi
2292 2501 2569 2567 Roberto
2617 2501 2837 2588 Bagod
2882 2524 3071 2565 unam
3113 2499 3338 2565 libram

556 2607 787 2698 piperis
825 2606 1176 2689 redd[itus]
1217 2601 1688 2691 percipiendam
1724 2602 1985 2691 singulis
2024 2605 2202 2670 annis
2236 2606 2316 2670 de
2356 2604 2768 2694 quadraginta
2800 2605 2955 2671 acris
2992 2619 3153 2670 terre
3189 2629 3337 2669 cum

553 2713 954 2804 pertinenciis
977 2735 1128 2797 quas
1151 2710 1333 2775 Prior
1352 2708 1659 2774 Omnium
1682 2709 2050 2775 Sanctorum
2071 2713 2265 2797 juxta
2284 2712 2528 2778 Dublin
2556 2714 2807 2797 [habet]
2831 2712 2896 2776 in
2921 2715 3337 2799 te[nement]o

555 2825 634 2889 de
677 2820 1185 2888 Donenachbrok
1229 2857 1242 2870 ·
1282 2819 1636 2885 habendam
1673 2832 1736 2884 et
1777 2821 2112 2886 tenendam
2156 2823 2500 2911 predictam
2529 2823 2752 2889 libram
2791 2822 3022 2912 piperis
3056 2824 3336 2911 predicto

555 2930 809 2995 domino
846 2928 1123 2993 Roberto
1167 2938 1231 2991 et
1269 2924 1605 2990 heredibus
1641 2924 1746 2990 vel
1781 2927 2103 3015 assignatis
2146 2928 2274 2994 suis
2311 2930 2390 2994 de
2427 2953 2528 2994 me
2572 2942 2637 2994 et
2672 2929 3006 2995 heredibus
3044 2931 3197 2995 meis
3233 2932 3338 2995 vel

555 3040 879 3131 assignatis
911 3078 923 3090 ·
954 3039 1149 3104 libere
1194 3050 1258 3102 et
1297 3034 1506 3121 quiete
1536 3035 1696 3099 bene
1726 3048 1790 3100 et
1817 3034 1885 3099 in
1915 3060 2066 3123 pace
2109 3060 2255 3102 cum
2302 3035 2589 3102 omnibus
2618 3036 3007 3102 libertatibus
3036 3051 3099 3102 et
3125 3038 3336 3103 liberis

554 3146 1111 3214 consuetudinibus
1141 3169 1261 3230 que
1293 3143 1374 3209 ad
1400 3140 1744 3230 predictam
1775 3143 2037 3230 terr[am
2069 3145 2199 3229 vel]
2232 3142 2547 3230 pertinent
2574 3142 2676 3208 vel
2706 3143 3012 3229 pertinere
3042 3159 3336 3232 poterunt

545 3254 690 3338 jure
719 3250 1095 3318 hereditario
1125 3251 1192 3314 in
1218 3262 1611 3338 perpetuum.
1703 3248 2051 3315 Reddendo
2089 3250 2238 3316 inde
2279 3275 2390 3338 per
2434 3275 2666 3316 annum
2706 3250 2838 3338 ipse
2877 3251 3165 3317 dominus
3206 3253 3333 3318 Ro-

553 3360 765 3424 bertus
811 3369 876 3423 et
919 3356 1179 3422 heredes
1218 3355 1319 3421 vel
1365 3353 1657 3443 assignati
1706 3356 1802 3420 sui
1851 3355 2185 3422 heredibus
2232 3356 2334 3423 vel
2380 3356 2701 3444 assignatis
2746 3357 2901 3421 meis
2950 3381 3146 3422 unum
3192 3383 3331 3447 gra-

554 3489 708 3530 num
753 3464 988 3552 piperis
1035 3488 1150 3552 pro
1202 3463 1373 3528 omni
1420 3462 1682 3529 servicio
1733 3464 1993 3530 seculari
2034 3478 2099 3529 et
2141 3465 2472 3530 exactione
2509 3476 2574 3530 et
2616 3463 3000 3549 [dem]anda.
3091 3466 3178 3530 Et
3214 3491 3332 3554 ego

555 3571 598 3636 J
601 3571 874 3636 ohannes
904 3583 968 3636 et
995 3570 1253 3636 heredes
1282 3583 1346 3634 et
1369 3569 1662 3657 assignati
1691 3570 1817 3636 mei
1847 3570 2191 3659 predictam
2221 3571 2448 3637 libram
2476 3570 2706 3659 piperis
2742 3570 3021 3636 redditus
3052 3573 3332 3660 predicto

557 3682 810 3747 domino
851 3680 1126 3746 Roberto
1172 3679 1392 3768 Bagod
1435 3692 1499 3744 et
1547 3678 1882 3745 heredibus
1926 3678 2054 3744 suis
2092 3679 2196 3743 vel
2234 3678 2360 3743 suis
2404 3677 2725 3766 assignatis
2774 3679 3062 3767 co[ntra]
3120 3705 3331 3747 omnes

555 3800 770 3877 gentes
799 3785 1335 3853 warantizabimus
1366 3784 1856 3870 acquietabimus
1883 3798 1948 3851 et
1976 3784 2380 3850 defendemus
2408 3783 2475 3847 in
2505 3800 2893 3872 perpetuum.
2976 3785 3065 3849 Et
3092 3801 3164 3851 ut
3191 3811 3331 3852 mea

555 3891 816 3958 donacio
845 3890 1158 3957 concessio
1188 3902 1252 3954 et
1281 3887 1582 3975 presentis
1612 3901 1778 3954 carte
1810 3913 1947 3954 mee
1977 3888 2374 3954 confirmacio
2404 3891 3112 3976 perp[etztefirmi]tatis
3142 3896 3330 3960 robur

555 3998 834 4064 obtineat
859 3997 1022 4062 hanc
1053 4009 1400 4083 presentem
1431 4007 1663 4059 cartam
1694 3994 1885 4082 sigilli
1915 3995 2038 4060 mei
2069 3995 2473 4082 impressione
2501 3997 2806 4062 roboravi.
2853 3997 2999 4063 Hiis
3028 4000 3286 4066 testibus
3313 4042 3323 4051 -

556 4104 850 4193 magistro
862 4103 1110 4168 Thoma
1138 4101 1218 4167 de
1252 4099 1783 4187 [Chadeswort]h
1814 4099 2050 4164 decano
2085 4098 2343 4163 ecclesie
2376 4097 2589 4164 Sancti
2613 4100 2871 4165 Patricii
2893 4101 3136 4171 Dublin
3170 4142 3182 4154 ·
3216 4105 3325 4169 do-

555 4209 728 4272 mino
773 4206 1062 4273 Johanne
1114 4207 1192 4271 de
1243 4206 1550 4271 Hontoun
1595 4245 1607 4256 ·
1652 4205 1907 4270 domino
1963 4203 2225 4269 Andrea
2265 4204 2516 4270 Avenal
2557 4242 2571 4256 ·
2610 4205 2863 4271 domino
2916 4207 3201 4275 Gilberto
3248 4212 3325 4277 de

564 4312 594 4400 [
918 4313 1037 4400 ]an
1071 4351 1084 4364 ·
1116 4312 1444 4379 Willelmo
1490 4314 1568 4379 de
1615 4314 1893 4379 Bartoun
1930 4351 1942 4364 ·
1974 4310 2283 4377 Nicholao
2328 4313 2406 4378 de
2451 4312 2800 4402 Berkeleye
2834 4352 2847 4365 ·
2879 4314 3201 4382 Willelmo
3246 4318 3325 4383 de

558 4417 854 4484 Mortoun
883 4417 1107 4484 clerico
1138 4431 1202 4483 et
1230 4417 1383 4484 aliis,

3236 4536 3320 4600 ΙΙ.
