4295 5410
2274 607 2363 702 38

935 785 1132 852 sinam
1162 787 1273 852 810.
1306 809 1628 873 quousque
1657 794 1764 854 810.
1850 787 2076 853 Postea
2103 786 2442 853 remittitur
2469 786 2717 874 prisona
2745 794 2851 853 810.
2942 787 3029 853 Et
3050 787 3130 854 de
3158 811 3459 855 consensu
3488 787 3711 877 prefati

939 889 1193 955 Ricardi
1221 894 1612 979 recuperavit
1637 893 1952 981 predictus
1981 895 2165 960 Prior
2195 894 2494 983 prefatam
2530 894 2772 960 celdam
2808 919 2954 962 cum
2991 896 3393 985 pertinenciis
3423 899 3533 964 810.
3622 898 3710 964 Et

934 999 1246 1086 predictus
1276 1001 1581 1068 Ricardus
1608 1003 1854 1070 invenit
1880 1004 2120 1094 plegios
2149 1005 2228 1070 de
2256 1003 2678 1071 misericordia
2706 1013 2812 1070 8ιο.

1066 1109 1288 1202 ῆβῐιιτα
1323 1110 1457 1184 alia
1491 1113 1883 1187 munimenta
1917 1127 2125 1189 [ὅπως
2159 1125 2217 1187 tt
2252 1113 2661 1189 relaxationes
2704 1118 3039 1206 tutusuam
3076 1116 3403 1189 tenentmti
3436 1127 3493 1187 tt
3524 1119 3706 1188 tacut

936 1226 1136 1319 platta
1173 1231 1239 1303 ίιι
1273 1232 1536 1322 prtuitta
1570 1234 1860 1324 parathia
1912 1234 1980 1308 {n
2014 1235 2139 1308 bito
2191 1233 2659 1327 ptllipatinmm
2709 1235 2780 1309 ίιι
2828 1247 2999 1327 patu
3031 1234 3260 1309 boriali
3311 1237 3587 1310 {numm
3639 1235 3705 1308 ἰιι

935 1370 1068 1424 una
1101 1353 1292 1442 pixita
1329 1355 1396 1427 in
1430 1355 1589 1428 rista
1623 1375 1739 1447 qut
1773 1357 1898 1430 ffltu
1924 1357 2021 1441 bit
2056 1377 2187 1430 nnn
2220 1357 2580 1432 sttffiuntnt
2614 1357 2765 1448 quia
2800 1368 2957 1430 sunt
2992 1357 3059 1431 ίη
3093 1355 3399 1430 manibus
3432 1357 3703 1429 samun-

938 1482 1074 1545 tnm
1107 1476 1214 1545 &a

2149 1721 2489 1798 XXXV.
2580 1697 2586 1704 ’

1553 1909 1645 1984 iza
1677 1912 1879 1982 tonum
1909 1911 2034 1984 bitu
2069 1920 2126 1982 tt
2162 1910 2452 2001 {matathia
2485 1927 2550 1982 tx
2585 1921 2754 2002 pam
2787 1907 3083 1984 australi.

1142 2089 1258 2154 EC
1287 2088 1620 2156 indentura
1647 2103 1906 2156 testatur
1933 2091 2103 2177 quod
2133 2091 2237 2158 die
2266 2092 2600 2158 Dominica
2628 2093 2696 2157 in
2725 2092 2880 2158 festo
2910 2092 3103 2156 Pasce
3142 2114 3305 2157 anno
3332 2090 3513 2179 regni
3540 2089 3705 2178 regis

1183 2197 1482 2262 Edwardi
1512 2197 1688 2262 tercii
1727 2208 1868 2284 post
1894 2211 2305 2283 conquestum
2350 2199 2531 2286 regni
2577 2198 2674 2263 sui
2702 2196 2940 2286 Anglie
2970 2197 3268 2262 vicesimo
3314 2220 3481 2262 nono
3528 2196 3707 2284 regni

933 2329 1082 2371 vero
1112 2303 1374 2369 Francie
1414 2304 1547 2368 xvi.
1635 2303 1734 2368 Ita
1784 2303 2080 2369 convenit
2123 2304 2289 2370 inter
2331 2304 2651 2393 religiosos
2700 2303 2865 2369 viros
2894 2303 3177 2368 Priorem
3222 2315 3287 2368 et
3330 2316 3709 2368 conventum

933 2411 1152 2475 domus
1183 2408 1488 2473 Omnium
1523 2407 1890 2474 Sanctorum
1928 2409 2119 2494 juxta
2149 2408 2393 2474 Dublin
2422 2433 2505 2475 ex
2554 2422 2727 2497 parte
2772 2433 2899 2473 una
2943 2421 3009 2475 et
3045 2409 3090 2474 J
3091 2409 3401 2474 ohannem
3432 2408 3704 2475 Latoner

931 2516 1135 2582 civem
1177 2514 1424 2581 Dublin
1476 2537 1562 2579 ex
1609 2513 1800 2580 altera
1832 2551 1846 2565 ·
1869 2513 2169 2580 videlicet
2206 2516 2377 2602 quod
2403 2515 2670 2604 predicti
2699 2515 2880 2580 Prior
2926 2527 2992 2580 et
3034 2528 3378 2582 conventus
3421 2515 3705 2580 unanimi

933 2645 1236 2688 consensu
1280 2634 1346 2686 et
1383 2619 1640 2686 consilio
1691 2619 1892 2685 tocius
1937 2620 2199 2708 capituli
2237 2621 2334 2685 sui
2374 2620 2762 2686 tradiderunt
2806 2634 2871 2686 et
2924 2619 3006 2685 ad
3048 2619 3291 2686 firmam
3339 2621 3706 2687 dimiserunt

931 2729 1100 2795 dicto
1129 2728 1407 2795 ‚Iohanni
1437 2751 1635 2792 unum
1663 2728 2052 2817 mesuagium
2097 2752 2243 2795 cum
2294 2730 2583 2795 omnibus
2627 2730 2889 2796 edificiis
2936 2743 3000 2795 et
3026 2730 3427 2817 pertinenciis
3460 2767 3473 2780 ·
3505 2729 3701 2816 quod-

931 2834 1186 2920 quidem
1217 2834 1606 2923 mesuagium
1625 2835 1797 2921 jacet
1824 2835 1893 2900 in
1921 2836 2065 2902 vico
2093 2837 2404 2925 pelliparii
2428 2838 2673 2905 Dublin
2699 2876 2711 2889 ·
2735 2838 2803 2903 in
2833 2837 3165 2904 latitudine
3193 2837 3357 2902 inter
3384 2850 3702 2902 tenemen-

929 2951 1067 3003 tum
1097 2938 1344 3004 Thome
1374 2937 1618 3003 Fakom
1662 2963 1748 3004 ex
1789 2964 1916 3005 una
1943 2954 2118 3027 parte
2166 2954 2231 3006 et
2269 2954 2698 3007 tenementum
2744 2943 2914 3028 quod
2941 2943 3066 3008 fuit
3095 2942 3355 3009 Roberti
3385 2941 3597 3009 North
3618 2966 3703 3009 ex

932 3046 1124 3112 altera
1152 3085 1164 3098 ·
1189 3063 1255 3111 et
1281 3046 1350 3110 in
1379 3044 1776 3133 longitudine
1805 3046 2094 3111 extendit
2123 3047 2201 3111 ab
2227 3046 2353 3111 alto
2381 3047 2525 3112 vico
2553 3070 2766 3112 versus
2792 3047 3033 3114 boriam
3060 3072 3257 3134 usque
3287 3049 3366 3114 ad
3396 3048 3703 3115 venellam

932 3179 1056 3241 qua
1083 3154 1210 3218 itur
1239 3154 1318 3218 ad
1347 3152 1669 3220 ecclesiam
1703 3150 1917 3216 Sancti
1945 3150 2237 3217 Nicholai
2266 3174 2480 3216 versus
2510 3164 2805 3215 austrum.

1060 3260 1444 3326 Habendum
1490 3271 1554 3323 et
1599 3256 1942 3321 tenendum
1971 3254 2210 3321 dictum
2261 3254 2649 3341 mesuagium
2694 3278 2840 3319 cum
2886 3254 3147 3320 edificiis
3194 3268 3258 3321 et
3303 3254 3702 3342 pertinenciis

930 3366 1056 3431 suis
1095 3365 1263 3431 dicto
1302 3362 1580 3430 ‚Iohanni
1606 3362 1650 3426 J
1653 3360 1860 3426 uliane
1905 3358 2094 3424 uxori
2131 3382 2239 3424 sue
2286 3371 2352 3423 et
2381 3358 2735 3445 Margarete
2782 3358 2911 3425 filie
2961 3359 3226 3446 predicti
3271 3360 3314 3425 J
3317 3360 3577 3425 ohannis
3624 3360 3701 3426 de

931 3472 1114 3538 dictis
1143 3471 1357 3536 Priore
1388 3483 1452 3535 et
1479 3484 1793 3535 conventu
1821 3480 1886 3532 et
1913 3490 2129 3531 eorum
2160 3465 2609 3531 successoribus
2639 3465 2719 3530 ad
2746 3465 3085 3531 terminum
3112 3464 3371 3553 triginta
3400 3488 3702 3529 annorum

932 3580 1210 3667 plenarie
1255 3576 1768 3664 complendorum
1800 3612 1814 3627 ·
1847 3574 2112 3639 termino
2152 3597 2300 3638 vero
2344 3572 2687 3661 incipiente
2734 3572 2814 3637 ad
2852 3571 3077 3637 festum
3124 3572 3507 3638 antedictum
3541 3609 3554 3621 ·
3586 3572 3702 3637 sub

929 3684 1043 3750 tali
1088 3698 1297 3748 tamen
1335 3682 1532 3747 forma
1577 3680 1749 3767 quod
1783 3679 1988 3744 dictus
2025 3677 2070 3742 J
2071 3677 2347 3742 ohannes
2382 3676 2638 3742 Juliana
2666 3689 2730 3740 et
2758 3675 3114 3764 Margareta
3157 3674 3320 3741 infra
3368 3675 3705 3741 terminum

928 3792 1293 3881 proximum
1321 3804 1462 3877 post
1490 3788 1940 3855 confectionem
1971 3784 2361 3874 presencium
2391 3784 2557 3849 dicta
2585 3782 2835 3848 edificia
2856 3782 3205 3869 sumptibus
3233 3780 3497 3868 propriis
3525 3804 3700 3867 repa-

929 3912 1138 3963 rarent
1186 3912 1252 3962 et
1294 3896 1524 3962 faciant
1567 3896 1692 3966 stit
1733 3908 1798 3959 et
1848 3894 2203 3974 sstmmtht·
2235 3891 2583 3957 Reddendo
2630 3890 2777 3955 inde
2826 3889 3145 3955 annuatim
3192 3888 3346 3953 dicti
3382 3888 3425 3953 J
3428 3888 3701 3952 ohannes

930 4005 974 4069 J
976 4003 1186 4068 uhana
1233 4016 1298 4067 et
1331 4002 1687 4089 Margareta
1716 4000 1900 4066 <lictis
1932 3998 2134 4064 Priori
2184 4012 2248 4063 et
2295 3996 2634 4064 conventui
2674 4010 2738 4062 et
2778 4019 2993 4061 eorum
3038 3993 3487 4060 successoribus
3536 3992 3698 4077 xiiij.

931 4109 1159 4175 solidos
1206 4106 1446 4195 argenti
1477 4106 1556 4172 ad
1585 4106 1740 4170 duos
1786 4105 1932 4170 anni
1975 4103 2315 4169 terminos·
2347 4102 2745 4169 medictatem
2791 4100 3085 4167 videlicet
3122 4100 3202 4166 ad
3230 4099 3453 4165 festum
3488 4098 3699 4165 Sancti

934 4215 1264 4281 Michaelis
1294 4228 1358 4280 et
1387 4214 1640 4280 alteram
1669 4214 2067 4279 medietatem
2098 4212 2179 4277 ad
2206 4211 2433 4278 festum
2457 4211 2649 4275 Pasce
2672 4233 2785 4298 pro
2817 4208 2987 4274 omni
3017 4207 3277 4274 servicio
3307 4204 3583 4272 seculari.

1059 4322 1147 4387 Et
1177 4321 1227 4386 si
1257 4321 1580 4409 contingat
1607 4320 1958 4408 predictum
1986 4318 2302 4385 redditum
2331 4331 2472 4406 post
2500 4317 2771 4403 aliquem
2803 4315 3136 4380 terminum
3165 4323 3559 4401 prenotatum
3588 4335 3700 4398 per

933 4452 1130 4494 unum
1160 4451 1436 4493 mensem
1465 4426 1532 4491 in
1561 4437 1735 4515 parte
1765 4426 1867 4492 vel
1891 4425 1960 4490 in
1987 4438 2122 4491 toto
2152 4449 2281 4491 esse
2312 4450 2349 4491 a
2368 4440 2531 4491 retro
2556 4424 2725 4509 quod
2755 4423 2915 4488 absit
2943 4420 3094 4485 dum
3126 4432 3333 4485 tamen
3354 4430 3603 4506 petatur
3629 4417 3698 4481 in

3382 4546 3697 4611 presencia
