4295 5410
1944 658 2035 731 97

594 812 808 879 David
845 816 1162 900 quondam
1198 815 1402 881 Priori
1439 816 1720 903 predicte
1759 816 2020 883 ecclesie
2066 817 2483 905 predecessori
2528 816 2795 905 predicti
2843 814 3077 881 Prioris
3129 828 3269 902 post
3314 828 3379 881 et

593 930 798 985 cetera
841 935 916 985 ut
962 920 1119 986 dicit
1145 933 1210 987 et
1245 934 1466 987 cetera.
1555 922 1646 987 Et
1671 922 1938 1010 predicti
1973 923 2252 989 Thomas
2286 937 2352 989 et
2377 923 2591 988 Alicia
2628 922 2815 988 modo
2860 920 3123 986 veniunt
3166 936 3230 987 et
3272 945 3379 1009 pe-

591 1038 736 1091 tunt
779 1027 930 1094 inde
973 1029 1180 1094 visum
1218 1030 1492 1097 habeant
1536 1044 1601 1096 et
1645 1044 1868 1098 cetera.
1957 1032 2111 1097 Dies
2156 1032 2336 1097 datus
2381 1045 2473 1097 est
2508 1030 2597 1096 eis
2634 1030 2739 1096 hic
2776 1029 2847 1093 in
2884 1027 3119 1095 octabis
3166 1027 3383 1095 Sancti

595 1132 866 1199 Hillarii.
919 1136 1008 1201 Et
1033 1136 1288 1202 interim
1317 1151 1381 1203 et
1409 1150 1631 1204 cetera.
1691 1138 1801 1204 Ad
1832 1162 2019 1225 quem
2052 1139 2221 1205 diem
2252 1139 2489 1205 scilicet
2516 1137 2584 1202 in
2614 1136 2848 1204 octabis
2880 1137 3095 1203 Sancti
3124 1137 3381 1203 Hillarii

592 1251 796 1324 partes
823 1240 1104 1327 predicte
1134 1255 1444 1307 venerunt
1470 1242 1578 1307 hic
1607 1254 1672 1307 et
1698 1242 2045 1308 vicecomes
2073 1267 2203 1307 non
2232 1241 2575 1307 retomavit
2600 1243 2791 1308 breve
2814 1242 2892 1307 de
2914 1242 3176 1327 judicio,
3224 1242 3377 1309 Ideo

593 1358 958 1433 preceptum
987 1360 1082 1413 est
1109 1346 1466 1414 vicecomiti
1495 1348 1659 1415 sicut
1686 1348 1860 1437 prius
1888 1349 2060 1434 quod
2087 1348 2319 1414 habere
2357 1348 2544 1413 faciat
2581 1347 2864 1435 predicto
2895 1348 3143 1413 Thome
3170 1347 3374 1413 visum

594 1463 659 1517 et
685 1463 906 1517 cetera.
995 1452 1150 1519 Dies
1180 1454 1358 1519 datus
1388 1469 1481 1521 est
1507 1454 1614 1521 hic
1641 1454 1712 1519 in
1741 1455 1976 1521 octabis
2009 1455 2235 1521 Sancte
2268 1453 2597 1519 Trinitatis
2626 1468 2691 1520 et
2718 1453 2971 1519 interim
2999 1468 3063 1519 et
3090 1468 3309 1521 cetera.

1933 1716 2032 1791 x,

1151 1898 1292 1999 [ex
1325 1902 1513 1977 aaut:
1565 1902 1710 1996 2312
1778 1928 1881 1975 ιι.
1934 1905 2125 1978 cnm.
2163 1904 2269 1978 rr.
2320 1903 2620 1991 suemus
2677 1898 2823 1999 90.]

761 2080 916 2145 Rior
955 2081 1178 2147 domus
1221 2083 1527 2149 Omnium
1574 2084 1945 2152 Sanctorum
1979 2087 2172 2173 juxta
2220 2086 2465 2152 Dublin
2514 2086 2795 2172 queritur
2841 2085 2920 2151 de
2972 2085 3253 2152 Heni-ico
3298 2086 3379 2153 de

787 2189 964 2256 Anet
993 2190 1072 2256 de
1101 2214 1176 2256 eo
1207 2192 1378 2277 quod
1408 2190 1511 2258 die
1533 2191 1716 2258 Lune
1745 2192 1814 2257 in
1843 2194 2110 2259 crastino
2137 2194 2353 2260 Sancti
2380 2194 2426 2258 J
2428 2192 2689 2259 ohannis
2712 2192 2993 2280 Baptiste
3023 2216 3187 2258 anno
3214 2193 3379 2281 regis

593 2317 762 2359 nunc
791 2310 972 2361 sexto
1002 2297 1171 2385 apud
1201 2297 1447 2364 Dublin
1476 2300 1850 2365 convenitur
1877 2301 2041 2367 inter
2069 2302 2382 2388 predictos
2412 2300 2695 2367 Priorem
2730 2314 2795 2366 et
2824 2298 3173 2365 Hem-icum
3204 2299 3379 2365 vide-

595 2395 744 2463 licet
780 2436 794 2449 ·
841 2400 1011 2485 quod
1061 2401 1378 2488 predictus
1423 2403 1604 2467 Prior
1650 2403 1954 2470 concessit
1994 2418 2059 2470 et
2099 2405 2361 2470 tradidit
2401 2405 2683 2493 predicto
2728 2404 3005 2471 Henrico
3055 2405 3381 2493 grangiam

595 2528 770 2570 suam
799 2506 879 2573 de
904 2508 1283 2597 Balydowill
1309 2510 1470 2594 [002
1502 2512 1780 2599 Dublin]
1813 2513 1894 2578 ad
1915 2526 2110 2579 totam
2131 2512 2331 2577 vitam
2361 2512 2555 2600 ipsius
2578 2510 2843 2577 Henrici
2872 2510 3205 2576 tenendam
3234 2532 3380 2575 cum

595 2613 884 2679 omnibus
926 2598 1104 2679 terris
1149 2628 1214 2681 et
1254 2616 1630 2683 tenementis
1659 2631 1723 2683 et
1752 2618 2014 2684 vesturis
2043 2617 2215 2683 bladi
2246 2630 2312 2682 et
2348 2617 2513 2705 prati
2553 2630 2619 2683 et
2659 2629 2791 2681 toto
2837 2616 3111 2681 instauro
3141 2614 3211 2678 in
3240 2638 3379 2702 pre-

595 2718 765 2785 dicta
791 2720 1054 2808 grangia
1081 2721 1356 2787 invent0.
1419 2722 1770 2788 Reddendo
1799 2723 1947 2789 inde
1977 2746 2090 2811 per
2119 2745 2355 2788 annum
2382 2722 2666 2810 predicto
2686 2721 2889 2786 Priori
2917 2720 3177 2810 triginta
3204 2745 3381 2788 cran-

593 2851 782 2893 nocos
809 2829 1107 2895 frumenti
1137 2843 1202 2896 et
1229 2831 1490 2919 triginta
1517 2856 1854 2898 crannocos
1884 2856 2080 2897 avene
2111 2831 2193 2896 ad
2220 2830 2477 2895 domum
2501 2829 2807 2895 Omnium
2840 2828 3213 2894 Sanctorum
3242 2851 3381 2914 pre-

593 2930 828 2997 dictam
857 2970 874 2983 ·
904 2933 1306 3000 medietatem
1349 2935 1431 3000 ad
1468 2933 1694 3000 festum
1729 2934 1944 3000 Sancti
1979 2933 2311 3000 Michaelis
2356 2947 2421 3000 et
2458 2934 2643 3000 aliam
2688 2933 3087 2999 medietatem
3123 2934 3202 2998 ad
3232 2932 3381 2998 Pas-

593 3036 777 3102 cham
821 3075 838 3096 ·
881 3039 962 3104 de
993 3065 1118 3126 qua
1147 3041 1404 3127 quidem
1433 3043 1697 3132 grangia
1732 3043 2048 3132 predictus
2079 3042 2395 3109 Henricus
2439 3067 2550 3131 per
2589 3042 2935 3130 predictam
2972 3039 3379 3106 tradicionem

592 3142 718 3208 fuit
758 3145 1017 3232 pacifice
1062 3147 1326 3213 seisitusJ
1415 3151 1604 3216 Unde
1651 3149 1858 3216 eidem
1909 3149 2114 3214 Priori
2158 3150 2249 3236 de,
2280 3148 2549 3215 termino
2592 3147 2808 3216 Sancti
2846 3146 3179 3214 Michaelis
3216 3171 3380 3224 anno

593 3248 756 3337 regis
785 3275 956 3316 nunc
983 3275 1151 3319 nono
1191 3253 1268 3319 de
1308 3255 1563 3320 redditu
1603 3255 1886 3344 predicto
1926 3280 1964 3321 a
1999 3269 2164 3320 retro
2202 3268 2348 3320 sunt
2380 3253 2709 3321 tresdecim
2750 3253 3041 3320 crannoci
3083 3252 3381 3318 frumenti

594 3367 658 3420 et
687 3369 828 3422 octo
856 3359 1150 3424 crannoci
1179 3384 1374 3426 avene
1402 3361 1683 3449 precium
1713 3362 2051 3448 cujuslibet
2078 3361 2369 3428 crannoci
2400 3359 2718 3434 sexdecim
2748 3359 2929 3425 solidi
2953 3359 3381 3446 quodquidam

594 3458 852 3524 bladum
890 3460 1208 3548 predictus
1252 3462 1568 3530 Henricus
1611 3465 1894 3553 predicto
1931 3465 2134 3531 Priori
2182 3466 2507 3552 hucusque
2559 3465 2818 3531 reddere
2848 3464 3251 3531 'contradixit
3301 3464 3381 3530 ad

596 3561 939 3653 dampnum
968 3565 1162 3655 ipsius
1193 3569 1426 3635 Prioris
1455 3570 1688 3660 viginti
1717 3572 2017 3639 librarum
2045 3586 2110 3638 et
2135 3573 2286 3640 inde
2314 3574 2476 3663 petit
2502 3574 2867 3640 remedium.

723 3668 812 3734 Et
840 3671 1156 3757 predictus
1180 3672 1494 3740 Hem-icus
1524 3675 1700 3741 venit
1727 3691 1793 3742 et
1822 3677 1978 3744 dicit
2006 3679 2178 3765 quod
2208 3680 2524 3747 accionem
2555 3681 2703 3746 inde
2732 3706 2945 3747 versus
2974 3707 3121 3748 eum
3150 3684 3378 3750 habere

593 3797 723 3839 non
749 3787 956 3862 potest
979 3776 1128 3862 quia
1156 3778 1314 3844 dicit
1342 3781 1512 3866 quod
1542 3781 1645 3848 die
1675 3783 1900 3849 Martis
1928 3785 2225 3872 proximo
2254 3801 2395 3874 post
2423 3788 2650 3853 festum
2677 3787 2892 3854 Sancti
2914 3789 3189 3854 Dionisii
3216 3799 3377 3856 m'ar-

593 3875 728 3942 tiris
757 3903 922 3944 anno
950 3881 1114 3970 regis
1143 3906 1312 3949 nunc
1358 3884 1602 3950 decimo
1643 3887 1813 3975 apud
1842 3887 2090 3955 Dublin
2116 3890 2208 3956 ita
2236 3893 2609 3958 convenitur
2636 3893 2802 3959 inter
2830 3894 3112 3961 Priorem
3141 3911 3207 3962 et
3233 3923 3379 3964 con-

593 3997 854 4048 ventum
885 3984 1106 4050 domus
1135 3987 1413 4074 predicte
1443 4001 1508 4056 et
1535 3990 1888 4077 predictum
1918 3992 2271 4060 Hem-icum
2300 3994 2598 4062 videlicet
2628 4035 2643 4050 ·
2674 3999 2844 4084 quod
2865 4001 3181 4086 predictus
3204 4001 3380 4068 Hen-

592 4086 758 4154 ricus
786 4089 1096 4156 relaxavit
1123 4106 1189 4158 et
1217 4093 1428 4179 quiete
1457 4095 1751 4161 clamavit
1774 4096 1956 4163 dictis
1979 4099 2185 4165 Priori
2214 4113 2279 4166 et
2307 4103 2645 4169 conventui
2668 4126 2853 4170 omne
2874 4106 2981 4191 jus
3002 4121 3067 4171 et
3086 4107 3381 4172 clamium

594 4194 765 4280 quod
792 4194 1017 4261 habuit
1045 4196 1147 4263 vel
1175 4198 1406 4266 habere
1433 4202 1643 4288 potuit
1669 4201 1738 4266 in
1765 4204 2030 4292 grangia
2068 4207 2350 4292 predicta
2378 4232 2463 4274 ex
2503 4211 2898 4276 concessione
2926 4225 2992 4277 et
3025 4213 3383 4278 dimissione

591 4300 1017 4390 predictorum
1047 4303 1280 4370 Prioris
1310 4319 1374 4372 et
1402 4321 1746 4374 conventus
1776 4309 1857 4375 ad
1888 4311 2228 4376 terminum
2255 4313 2389 4379 vite
2417 4315 2611 4402 ipsius
2635 4315 2921 4384 Henrici.
3006 4319 3105 4384 Ita
3134 4332 3206 4384 ut
3232 4344 3383 4384 con-

592 4405 910 4474 tenciones
947 4409 1198 4494 querele
1238 4425 1304 4478 et
1342 4437 1556 4481 omnes
1597 4415 1878 4482 acciones
1921 4441 2035 4484 seu
2078 4420 2387 4488 demande
2430 4422 2595 4490 inter
2638 4425 2885 4492 eosdem
2926 4439 3179 4494 actenus
3217 4441 3383 4493 mote

679 4532 862 4577 mrsu
891 4533 1084 4580 ΛΜΗ.
1119 4536 1247 4580 soc.
1287 4539 1382 4582 ιο.
1963 4522 2024 4588 Ο
3270 4557 3379 4599 seu
