4295 5410
1983 660 2072 736 29

627 820 900 912 presenti
939 836 1107 891 carta
1134 821 1526 890 confirmasse
1556 821 1821 910 Hugoni
1851 821 1930 888 de
1960 823 2163 889 Ponte
2208 835 2272 888 et
2299 822 2635 889 heredibus
2672 823 2799 888 suis
2839 822 3153 909 quandam
3182 833 3409 888 terram

627 947 900 996 nostram
929 954 1117 1016 quam
1137 929 1440 994 habemus
1450 928 1528 993 de
1550 925 1716 992 dono
1727 926 2155 992 Bartholomei
2186 927 2265 992 de
2288 925 2555 993 Camera
2581 939 2762 992 extra
2789 926 3111 994 civitatem
3129 927 3375 994 Dublin
3390 961 3409 980 s

627 1035 866 1103 scilicet
891 1036 1065 1102 illam
1095 1059 1218 1121 que
1242 1047 1335 1100 est
1361 1033 1527 1100 inter
1547 1045 1774 1098 terram
1795 1031 2185 1098 infirmorum
2206 1031 2421 1100 Sancti
2454 1031 2757 1120 Stephani
2787 1046 2853 1099 et
2871 1032 3040 1099 viam
3063 1058 3185 1119 que
3208 1035 3413 1100 tendit

628 1165 665 1208 a
691 1155 872 1229 porta
913 1152 1122 1205 nostra
1167 1161 1364 1224 usque
1407 1137 1489 1202 ad
1517 1149 1770 1202 stratam
1803 1161 1925 1222 que
1954 1137 2159 1202 tendit
2198 1163 2236 1204 a
2280 1138 2535 1205 civitate
2565 1138 2810 1204 Dublin
2839 1164 3051 1206 versus
3081 1141 3409 1208 Dunham-

628 1246 823 1313 broch
845 1285 858 1298 ·
879 1259 943 1311 et
969 1245 1134 1310 inter
1161 1244 1425 1310 eandem
1453 1256 1706 1307 stratam
1735 1255 1802 1307 et
1828 1254 2056 1307 terram
2085 1265 2276 1327 quam
2303 1243 2347 1307 J
2347 1243 2623 1309 ohannes
2652 1242 2915 1332 Hareng
2941 1258 3113 1311 tenet
3137 1281 3151 1298 ·
3174 1247 3409 1314 haben-

631 1353 776 1417 dam
803 1367 866 1417 et
887 1352 1222 1417 tenendam
1244 1350 1322 1416 de
1351 1349 1532 1415 nobis
1563 1349 1770 1415 sibiet
1796 1348 2130 1415 heredibus
2160 1347 2287 1414 suis
2316 1348 2509 1416 libere
2540 1349 2750 1437 quiete
2780 1352 3037 1438 pacifice
3068 1365 3132 1418 et
3159 1353 3411 1419 honori-

629 1459 746 1524 fice
781 1458 1024 1546 integre
1063 1472 1128 1523 et
1165 1457 1460 1546 plenarie.
1546 1456 1747 1523 Nobis
1791 1457 1940 1522 inde
1984 1456 2309 1522 annuatim
2359 1459 2679 1524 reddendo
2724 1458 2857 1546 ipse
2899 1472 2963 1524 et
3005 1459 3263 1526 heredes
3314 1462 3411 1526 sui

631 1565 954 1631 dimidiam
987 1590 1255 1632 marcam
1287 1565 1528 1654 argenti
1557 1565 1637 1631 ad
1667 1565 1824 1630 duos
1851 1565 2149 1630 terminos
2192 1565 2342 1630 anni
2375 1603 2388 1617 ·
2420 1565 2659 1632 scilicet
2686 1565 3100 1655 quadraginta
3127 1566 3411 1633 denarios

633 1670 776 1755 [ad]
808 1669 1034 1735 festum
1065 1670 1370 1736 Omnium
1397 1672 1767 1737 Sanctorum
1796 1687 1862 1738 et
1883 1673 2296 1760 quadraginta
2318 1672 2603 1738 denarios
2633 1673 2713 1739 ad
2740 1672 2967 1738 festum
2991 1674 3407 1739 Pentecostes.

631 1779 720 1843 Et
746 1802 857 1844 nos
887 1779 1118 1845 dictam
1149 1793 1374 1846 terram
1404 1780 1574 1845 dicto
1603 1781 1866 1868 Hugoni
1897 1794 1962 1847 et
1988 1781 2325 1847 heredibus
2368 1780 2495 1846 suis
2524 1781 3063 1846 warentizabimus
3091 1780 3160 1844 in
3187 1804 3409 1869 perpe-

624 1901 822 1952 tuum.
910 1886 1100 1967 Quod
1129 1886 1180 1950 si
1211 1886 1416 1951 dictus
1433 1885 1628 1973 Hugo
1658 1885 1761 1951 vel
1788 1885 2048 1951 heredes
2078 1887 2213 1971 ejus
2246 1885 2478 1951 dictam
2501 1900 2726 1950 terram
2753 1885 3021 1950 vendere
3052 1885 3153 1950 vel
3174 1885 3405 1974 impig-

625 2018 840 2059 norare
879 1994 1194 2059 voluerint
1229 1997 1432 2082 primo
1477 1994 1656 2061 nobis
1687 1995 1950 2059 offerant
1981 2031 1994 2046 ·
2027 2018 2217 2080 quam
2254 1994 2305 2058 si
2344 1993 2609 2058 retinere
2652 1992 3033 2057 noluerimus
3063 2016 3175 2079 pro
3205 1993 3407 2080 pretio

632 2123 756 2186 quo
786 2100 944 2165 alius
976 2138 988 2151 ·
1021 2099 1250 2166 faciant
1278 2101 1426 2168 inde
1455 2101 1708 2168 libitum
1737 2125 1972 2167 eorum.
2063 2101 2253 2168 Salvo
2289 2101 2469 2167 nobis
2497 2101 2750 2166 redditu
2778 2101 3228 2189 prenominato,
3317 2101 3410 2168 Ut

631 2217 839 2270 auoem
867 2203 986 2270 hec
1023 2219 1230 2270 nostra
1259 2204 1522 2271 donacio
1555 2207 1680 2290 [et]
1713 2205 2027 2271 concessio
2069 2218 2204 2270 rata
2242 2219 2307 2270 et
2334 2205 2699 2271 inconcussa
2725 2205 3029 2271 habeatur
3056 2221 3407 2293 presentem

630 2323 860 2374 cartam
910 2310 1100 2398 sigilli
1145 2311 1338 2376 nostri
1385 2311 1786 2400 impressione
1843 2311 2389 2378 communivimus.
2488 2312 2633 2377 Hiis
2684 2312 2945 2377 testibus
2987 2347 3001 2362 ·
3042 2311 3297 2378 domino
3328 2314 3405 2378 R.

634 2414 850 2482 Priore
880 2417 958 2482 de
993 2417 1219 2483 Sancta
1249 2418 1560 2484 Trinitate
1594 2457 1607 2471 ·
1641 2418 1948 2507 Gylberto
1978 2418 2082 2484 del
2110 2419 2283 2484 Ynet
2316 2456 2329 2469 ·
2362 2419 2438 2483 R.
2472 2419 2549 2484 de
2588 2417 2771 2484 Mora
2802 2456 2815 2469 ·
2848 2416 3135 2483 Gilberto
3173 2417 3360 2484 Wale
3394 2455 3407 2469 ·

630 2521 914 2588 Waltero
945 2521 1104 2587 Olut
1135 2558 1148 2573 ·
1182 2523 1568 2612 Baldewyno
1599 2523 1840 2588 Gerran
1873 2573 2074 2587 ......
2105 2522 2432 2589 Willelmo
2461 2522 2715 2589 Blundo
2744 2536 2809 2590 et
2837 2522 2989 2590 aliis.

1858 2872 2159 2945 XXIV.

688 3054 803 3131 Bt
837 3058 1090 3148 gathino
1127 3058 1196 3131 ίιι
1227 3057 1516 3149 parntbia
1550 3056 1797 3143 aesntti
1831 3058 2096 3149 &rorgii
2135 3059 2357 3131 transtu
2394 3063 2475 3132 ah
2508 3060 2761 3133 firmam
2794 3062 3111 3156 §obsunt
3145 3062 3351 3150 πρῶ.

834 3269 952 3335 ΕΟ
981 3268 1314 3333 indentura
1340 3266 1506 3333 facta
1530 3267 1694 3333 inter
1722 3267 2006 3334 Priorem
2043 3283 2110 3335 et
2145 3281 2528 3335 conventum
2559 3269 2779 3334 domus
2810 3268 3115 3336 Omnium
3149 3271 3405 3339 Sancto·

875 3399 1016 3440 rum
1045 3375 1289 3442 Dublin
1333 3399 1418 3441 ex
1464 3388 1639 3462 parte
1669 3399 1796 3440 una
1839 3389 1904 3441 et
1930 3376 1974 3440 J
1976 3375 2288 3441 ohannem
2319 3376 2490 3464 Tym
2532 3375 2828 3442 clericum
2872 3400 2957 3443 ex
2994 3391 3169 3465 parte
3214 3378 3407 3444 altera

627 3496 887 3549 testatur
919 3522 931 3535 ·
965 3484 1136 3570 quod
1163 3484 1428 3572 predicti
1459 3484 1641 3549 Prior
1677 3497 1743 3549 et
1778 3497 2122 3549 conventus
2162 3508 2245 3549 ex
2275 3483 2621 3571 ipso[rum]
2655 3482 2937 3547 unanimi
2968 3506 3216 3548 assensu
3254 3506 3402 3547 con·

625 3602 940 3655 cesserunt
966 3603 1032 3656 et
1059 3589 1139 3655 ad
1166 3588 1411 3654 firmam
1439 3589 1810 3655 dimiserunt
1834 3588 2117 3676 predicto
2137 3587 2183 3654 J
2184 3586 2417 3652 ohanni
2448 3608 2645 3652 unum
2673 3585 3008 3675 gardinum
3036 3611 3183 3653 cum
3212 3588 3401 3676 perti-

625 3698 864 3764 nenciis
909 3698 978 3763 in
1028 3697 1281 3763 civitate
1311 3694 1558 3762 Dublin
1588 3732 1604 3747 ·
1627 3694 1842 3780 jacens
1887 3694 1956 3759 in
2006 3692 2305 3759 suburbio
2351 3692 2633 3778 ejusdem
2677 3691 2949 3757 civitatis
2996 3692 3063 3756 in
3110 3694 3404 3781 parochia

633 3803 847 3869 Sancti
869 3802 1128 3891 Georgii
1151 3801 1314 3866 inter
1334 3797 1712 3865 cimiterium
1738 3796 1952 3863 Sancti
1975 3796 2238 3884 Georgii
2259 3820 2345 3861 ex
2366 3809 2539 3882 parte
2570 3794 2819 3859 australi
2842 3809 2907 3859 et
2927 3808 3152 3860 terram
3172 3796 3405 3861 Prioris

625 3920 834 3975 sancte
857 3907 1184 3973 Trinitatis
1206 3906 1450 3972 Dublin
1479 3930 1564 3971 ex
1586 3918 1759 3993 parte
1782 3903 2005 3970 boriali
2030 3942 2042 3954 ·
2067 3918 2132 3969 et
2160 3902 2451 3969 extendit
2478 3925 2541 3967 se
2571 3902 2843 3969 anterius
2872 3902 2952 3967 ad
2974 3903 3141 3968 viam
3164 3904 3399 3992 regiam

627 4038 836 4079 versus
865 4014 1166 4079 orientem
1195 4037 1391 4099 usque
1421 4010 1501 4078 ad
1529 4026 1820 4100 stagnum
1849 4010 2195 4075 molendini
2218 4009 2409 4098 Regis
2437 4033 2649 4074 versus
2696 4009 3084 4075 occidentem
3118 4045 3131 4061 ·
3162 4009 3398 4077 haben-

627 4121 780 4187 dum
824 4135 888 4187 et
914 4121 1257 4187 tenendum
1285 4118 1637 4208 predictum
1665 4116 1998 4206 gardinum
2044 4137 2192 4180 cum
2230 4112 2630 4201 pertinenciis
2659 4112 2897 4200 prefato
2925 4114 2969 4178 J
2971 4111 3201 4179 ohanni
3232 4138 3269 4179 a
3297 4115 3400 4179 die

625 4228 1026 4295 confectionis
1055 4225 1448 4314 presencium
1495 4250 1694 4311 usque
1723 4224 1805 4289 ad
1831 4222 2022 4287 finem
2051 4221 2303 4288 termini
2334 4219 2745 4309 quadraginta
2774 4244 3079 4285 annorum
3110 4219 3398 4308 proxime

626 4333 1028 4420 sequencium
1065 4332 1341 4422 plenarie
1386 4331 1857 4419 completorum.
1945 4327 2294 4394 Reddendo
2332 4326 2481 4391 inde
2521 4326 2841 4392 annuatim
2882 4326 3053 4391 idem
3081 4327 3125 4391 J
3128 4326 3401 4391 ohannes

624 4441 806 4507 dictis
835 4440 1040 4505 Priori
1067 4453 1132 4507 et
1159 4438 1496 4505 conventui
1525 4451 1590 4505 et
1617 4434 2068 4503 successoribus
2109 4431 2237 4499 suis
2276 4432 2553 4521 quinque
2596 4432 2823 4499 solidos
2868 4432 3110 4521 argenti
3139 4431 3218 4497 ad
3247 4432 3401 4497 festa

3185 4537 3398 4603 Sancti
