4295 5410
1955 586 2043 661 77

605 762 669 814 et
696 761 1148 815 antecessorum
1177 772 1458 815 meorum
1485 747 1802 816 redditum
1830 760 2096 835 quatuor
2123 746 2461 813 solidorum
2490 768 2839 811 annuorum
2866 742 3373 833 proveniencium

606 855 684 921 de
713 867 875 920 terra
903 880 1090 941 quam
1122 855 1316 944 Hugo
1347 858 1602 943 Auceps
1629 867 1802 921 tenet
1828 855 1908 921 de
1943 878 2046 920 me
2080 853 2150 918 in
2176 853 2329 918 villa
2357 854 2436 919 de
2466 852 2644 918 Main
2677 891 2690 904 ·
2721 851 3079 917 habendum
3124 863 3190 916 et
3216 851 3377 938 opti-

604 961 880 1026 nendum
911 962 1030 1028 sibi
1060 975 1124 1027 et
1151 964 1598 1030 successoribus
1627 987 1842 1029 eorum
1871 964 1939 1027 in
1967 986 2189 1050 puram
2216 975 2281 1027 et
2307 975 2670 1049 perpetuam
2700 960 3115 1026 elemosinam.

735 1068 823 1132 Et
850 1068 1053 1133 dictus
1083 1068 1277 1156 Hugo
1307 1082 1371 1134 et
1397 1070 1656 1135 heredes
1681 1069 1876 1156 ipsius
1897 1082 2038 1156 post
2062 1068 2244 1133 iUum
2275 1068 2471 1134 dictos
2503 1084 2765 1155 quatuor
2792 1070 3018 1134 solidos
3041 1082 3375 1134 memorate

608 1175 826 1239 domus
872 1174 1185 1239 canonicis
1231 1166 1493 1241 solvent'
1518 1175 1587 1240 in
1632 1188 2002 1264 perpetuum
2031 1176 2100 1239 in
2128 1175 2373 1240 duobus
2402 1175 2683 1240 terminis
2733 1175 2881 1240 anni
2913 1214 2926 1225 ·
2958 1174 3193 1241 scilicet
3220 1175 3377 1239 duos

603 1280 828 1345 solidos
855 1280 924 1345 in
952 1279 1218 1347 termino
1249 1281 1440 1347 Pasce
1470 1294 1534 1346 et
1563 1281 1718 1345 duos
1747 1280 1972 1345 solidos
2001 1279 2071 1343 in
2100 1278 2368 1343 termino
2402 1278 2615 1345 Sancti
2644 1280 2990 1345 Michaelis.
3044 1281 3138 1345 Ut
3166 1294 3373 1345 autem

604 1386 721 1451 hec
765 1410 906 1451 mea
934 1386 1196 1453 donacio
1243 1388 1553 1455 concessio
1593 1402 1658 1454 et
1694 1388 2087 1453 confirmacio
2134 1400 2267 1452 rata
2294 1388 2363 1452 in
2391 1404 2707 1474 posterum
2743 1388 3089 1453 habeantur
3129 1411 3378 1475 presens

605 1492 904 1578 scriptum
932 1492 1122 1581 sigilli
1145 1493 1269 1559 mei
1291 1494 1638 1559 munimine
1668 1494 1972 1561 roboravi.
2017 1493 2165 1557 Hiis
2187 1493 2446 1559 testibus
2467 1531 2480 1544 ·
2502 1494 2755 1559 domino
2778 1494 2884 1560 W.
2906 1494 3139 1559 decano
3166 1493 3379 1559 Sancti

610 1598 864 1664 Patricii
898 1638 910 1650 ·
942 1598 1237 1687 magistro
1275 1599 1348 1663 L.
1388 1599 1754 1665 cancellario
1788 1638 1800 1649 ·
1833 1598 2088 1663 domino
2119 1598 2199 1663 G.
2239 1597 2318 1663 de
2358 1598 2609 1663 Turvill
2644 1599 3078 1665 archidiacono
3110 1637 3125 1649 ·
3160 1599 3239 1665 G.
3274 1599 3378 1664 del

610 1704 782 1771 Ynet
806 1746 817 1757 ·
845 1706 1194 1795 Iggelbrith
1223 1707 1506 1773 ·Th01na
1525 1708 1584 1773 le
1609 1694 1846 1774 C'orner
1871 1747 1882 1759 ·
1909 1706 2260 1773 Eadwardo
2282 1706 2567 1773 Palmero
2593 1745 2606 1757 ·
2632 1706 2914 1772 Waltero
2943 1708 3021 1773 de
3046 1706 3289 1773 Taillur
3317 1719 3380 1771 et

613 1814 764 1878 aliis,

1725 2074 2253 2149 LXXXVIII.

1679 2262 1794 2336 Ἠ(
1826 2265 2027 2334 eonem
2062 2261 2313 2333 remim.

789 2450 1048 2517 Mnibus
1066 2449 1300 2516 Christi
1320 2447 1609 2517 fidelibus
1631 2474 1880 2539 presens
1909 2450 2207 2540 scriptum
2236 2450 2604 2537 inspecturis
2634 2449 2735 2515 vel
2757 2449 3059 2515 audituris
3078 2448 3380 2515 Ricardus

833 2558 1070 2624 Corner
1105 2558 1366 2624 salutem
1393 2559 1464 2623 in
1492 2559 1785 2624 Domino.
1875 2559 2140 2625 Noverit
2168 2560 2533 2625 universitas
2564 2572 2767 2625 vestra
2792 2582 2894 2623 me
2925 2557 3289 2623 concessisse
3319 2570 3384 2622 et

613 2665 883 2754 presenti
911 2676 1080 2732 carta
1107 2688 1246 2731 mea
1273 2665 1662 2732 confirmasse
1692 2664 1832 2732 Deo
1861 2677 1926 2732 et
1954 2665 2211 2732 ecclesie
2242 2666 2547 2732 Omnium
2582 2665 2949 2731 Sanctorum
2982 2663 3174 2750 juxta
3202 2664 3381 2731 Dub-

612 2771 704 2836 lin
732 2784 796 2838 et
822 2771 1134 2838 canonicis
1159 2770 1399 2838 ibidem
1428 2771 1568 2837 Deo
1597 2771 2007 2837 servientibus
2041 2809 2053 2820 ·
2085 2795 2199 2860 pro
2229 2771 2426 2837 salute
2447 2771 2653 2836 anime
2681 2793 2819 2836 mee
2840 2782 2905 2836 et
2933 2783 3385 2836 antecessorum

615 2889 679 2942 et
706 2901 1122 2942 successorum
1150 2900 1432 2942 meorum
1459 2877 1776 2943 redditum
1805 2889 2070 2963 quatuor
2111 2877 2450 2942 solidorum
2481 2900 2829 2942 annuorum
2870 2876 3383 2964 proveniencium

616 2983 694 3049 de
723 2997 886 3049 terra
925 3009 1113 3070 quam
1143 2985 1338 3072 Hugo
1368 2985 1624 3073 Auceps
1663 2996 1836 3050 tenet
1880 2984 1960 3050 de
2004 3007 2106 3049 me
2153 2983 2223 3048 in
2267 2983 2421 3048 villa
2449 2984 2526 3048 de
2558 2983 2737 3048 Main
2771 3020 2783 3033 ·
2815 2997 2880 3047 et
2928 3006 3114 3068 quam
3156 2996 3385 3047 terram

617 3087 936 3153 Galfridus
965 3087 1069 3153 del
1096 3088 1246 3152 Bois
1275 3087 1535 3153 clericus
1563 3087 1746 3154 dictis
1775 3087 1991 3153 domui
2030 3100 2095 3154 et
2133 3089 2446 3155 canonicis
2484 3102 2626 3154 ante
2654 3112 2757 3154 me
2787 3089 2977 3154 dedit.
3065 3089 3155 3154 Et
3183 3089 3387 3154 dictus

618 3192 814 3280 Hugo
834 3192 1092 3279 Auceps
1114 3191 1312 3257 dictos
1342 3204 1606 3277 quatuor
1634 3191 1860 3257 solidos
1890 3193 2071 3259 dictis
2101 3193 2318 3258 domui
2347 3207 2412 3259 et
2453 3194 2765 3260 canonicis
2809 3207 2872 3258 et
2908 3194 3167 3260 heredes
3194 3195 3388 3282 ipsius

615 3309 756 3383 post
782 3297 988 3386 ipsum
1013 3297 1086 3361 in
1113 3310 1484 3385 perpetuum
1512 3296 1866 3384 persolvent
1894 3296 1975 3362 ad
2003 3296 2161 3362 duos
2189 3298 2483 3363 terminos
2506 3298 2654 3363 anni
2680 3337 2692 3349 ·
2717 3299 2952 3364 scilicet
2980 3299 3135 3364 duos
3162 3301 3389 3366 solidos

619 3404 698 3468 ad
720 3405 958 3471 Pascha
985 3417 1050 3470 et
1077 3405 1233 3469 duos
1261 3402 1488 3468 solidos
1518 3402 1598 3467 ad
1625 3400 1852 3468 festum
1884 3400 2098 3468 Sancti
2129 3402 2475 3468 Michaelis.

747 3511 839 3576 Ut
867 3523 1076 3576 autem
1096 3508 1216 3574 hec
1243 3532 1383 3574 mea
1411 3505 1720 3572 concessio
1749 3516 1815 3570 et
1843 3505 2237 3572 confirmacio
2266 3507 2627 3574 inconcussa
2654 3507 2723 3570 in
2751 3520 3067 3597 posterum
3086 3509 3388 3575 habeatur

619 3640 866 3708 presens
893 3615 1192 3702 scriptum
1220 3612 1410 3702 sigilli
1437 3611 1564 3678 mei
1591 3609 1994 3698 impressione
2023 3609 2285 3674 munivi.
2375 3610 2521 3674 Hiis
2550 3611 2808 3677 testibus
2835 3651 2847 3662 ·
2872 3611 3125 3678 domino
3147 3613 3255 3678 W.
3280 3615 3389 3680 de·

619 3749 776 3791 cano
816 3723 1028 3790 Sancti
1058 3723 1314 3790 Patricii
1348 3760 1360 3773 ·
1393 3719 1685 3809 magistro
1726 3718 1799 3783 L.
1831 3717 2197 3784 cancellario
2231 3756 2244 3769 ·
2278 3718 2531 3783 domino
2571 3718 2647 3783 G.
2681 3719 2761 3785 de
2800 3719 3049 3784 Turvill
3086 3719 3387 3785 archidia-

620 3854 778 3896 cono
811 3867 823 3880 ·
855 3829 1108 3895 domino
1153 3830 1261 3895 W.
1303 3829 1380 3895 de
1421 3828 1733 3894 Londoun
1767 3867 1778 3878 ·
1812 3826 2066 3892 domino
2103 3827 2211 3892 W.
2244 3826 2561 3916 capellano
2602 3867 2613 3878 ·
2647 3826 2901 3892 domino
2942 3827 3337 3894 Tarmesihin
3371 3867 3386 3880 ·

623 3934 875 4001 domino
906 3936 1154 4001 Thoma
1173 3935 1233 4002 le
1255 3935 1493 4002 Corner
1519 3934 1704 4002 fratre
1733 3957 1872 4000 meo
1902 3948 1966 4001 et
1995 3934 2150 4001 aliis.

2992 4492 3386 4560 LXXXIX.
