4295 5410
1982 914 2118 987 IV.

1360 1086 1504 1187 [Ἐκ
1539 1110 1672 1164 nna
1707 1105 1995 1167 tamtam
2032 1106 2180 1166 tetre
2217 1096 2283 1167 ίιι
2321 1094 2715 1196 Quantum]

645 1258 1045 1437 THomas
1075 1260 1364 1350 clyfford
1389 1264 1570 1331 miles
1598 1280 1871 1333 escaetor
1901 1268 2142 1335 domini
2172 1270 2367 1360 Regis
2402 1272 2731 1339 Hibernie.
2821 1274 3131 1342 Omnibus
3161 1278 3239 1343 ad
3270 1301 3424 1363 quos

841 1382 1154 1454 presentes
1183 1369 1362 1435 litere
1390 1372 1790 1459 pervenerint
1817 1373 2096 1440 salutem.
2162 1375 2385 1443 Sciatis
2413 1402 2525 1443 nos
2553 1380 2918 1445 mandatum
2950 1381 3187 1448 domini
3226 1382 3421 1471 Regis

637 1474 938 1560 recepisse
966 1475 1035 1540 in
1062 1477 1180 1543 hec
1209 1479 1418 1543 verba.
1507 1479 1810 1546 Ricardus
1840 1482 1964 1547 Dei
1993 1482 2203 1571 gracia
2230 1508 2347 1549 rex
2375 1485 2614 1574 Anglie
2654 1500 2718 1553 et
2746 1486 3009 1552 Francis
3039 1500 3103 1552 et
3130 1487 3419 1551 dominus

639 1576 947 1647 Hibernie
990 1584 1285 1649 escaetori
1327 1609 1439 1651 suo
1484 1585 1791 1654 Hibernie
1835 1590 2097 1657 salutem
2139 1630 2153 1643 ·
2195 1616 2342 1657 cum
2384 1617 2497 1659 nos
2539 1618 2740 1683 nuper
2780 1593 3103 1661 cerciorari
3140 1594 3417 1661 volentes

639 1708 822 1775 super
852 1689 1038 1755 modo
1068 1705 1132 1757 et
1159 1717 1344 1759 causa
1372 1695 1684 1783 capcionis
1707 1696 1892 1763 unius
1921 1712 2205 1766 carucate
2234 1713 2395 1767 terre
2423 1726 2570 1768 cum
2591 1702 2990 1790 pertinenciis
3010 1701 3077 1765 in
3098 1702 3413 1789 Clynturk

637 1792 1006 1861 dilectorum
1043 1799 1224 1865 nobis
1260 1800 1328 1864 in
1382 1800 1632 1868 Christo
1679 1804 1912 1871 Prioris
1945 1819 2009 1872 et
2050 1820 2393 1874 conventus
2440 1809 2659 1875 domus
2688 1810 2993 1877 Omnium
3044 1809 3411 1877 Sanctorum

627 1900 820 1986 juxta
848 1902 1092 1969 Dublin
1120 1929 1234 1993 per
1261 1932 1372 1973 vos
1398 1908 1469 1974 in
1496 1932 1752 1975 manum
1791 1925 2063 1979 nostram
2094 1915 2272 1981 vobis
2306 1916 2805 1983 mandaverimus
2834 1917 3005 2003 quod
3031 1940 3143 1981 nos
3172 1916 3239 1979 in
3268 1939 3411 1981 can-

633 2006 884 2075 cellaria
917 2024 1126 2078 nostra
1155 2013 1462 2081 Hibernie
1503 2040 1689 2104 super
1715 2019 1904 2085 modo
1940 2032 2006 2086 et
2037 2046 2224 2088 causa
2264 2023 2559 2109 predictis
2603 2023 2892 2089 distincte
2930 2036 2995 2089 et
3032 2036 3241 2110 aperte
3278 2022 3411 2088 sine

634 2111 940 2181 dilacione
989 2118 1328 2185 redderetis
1375 2120 1690 2188 cerciores,
1779 2124 1882 2191 Ac
1924 2149 2036 2191 vos
2085 2138 2385 2214 pretextu
2434 2126 2589 2193 dicti
2634 2126 2911 2193 mandati
2958 2127 3153 2192 nostri
3202 2152 3409 2194 coram

631 2222 812 2289 nobis
839 2222 908 2288 in
937 2224 1170 2291 dictam
1199 2227 1630 2295 cancellariam
1659 2245 1931 2298 nostram
1976 2234 2437 2301 retornaveritis
2479 2258 2727 2301 causam
2764 2233 3107 2323 predictam
3135 2232 3264 2299 fore
3293 2257 3408 2321 pro

631 2354 706 2397 eo
737 2333 905 2417 quod
935 2333 1190 2418 quidam
1211 2335 1400 2402 frater
1420 2338 1463 2403 J
1465 2339 1740 2405 ohannes
1764 2340 2041 2429 Symcok
2065 2343 2381 2428 quondam
2411 2342 2593 2407 Prior
2620 2341 2840 2407 domus
2869 2339 3147 2428 predicte
3176 2340 3407 2405 dictam

627 2457 974 2510 carucatam
1002 2458 1163 2511 terre
1191 2470 1338 2511 cum
1361 2446 1756 2534 pertinenciis
1787 2449 2084 2515 alienavit
2099 2450 2143 2515 J
2145 2450 2379 2515 ohanni
2402 2448 2588 2515 Hunt
2616 2461 2680 2515 et
2700 2449 2744 2514 J
2746 2448 2990 2513 ohanne
3013 2446 3197 2512 uxori
3227 2446 3281 2532 ej
3290 2470 3361 2511 us
3388 2485 3401 2497 ·

627 2548 982 2616 habendam
1020 2550 1254 2617 eisdem
1283 2553 1326 2617 J
1328 2552 1560 2618 ohanni
1603 2567 1669 2620 et
1709 2554 1753 2619 J
1755 2555 2000 2621 ohanne
2041 2555 2378 2621 heredibus
2422 2568 2486 2621 et
2530 2554 2850 2643 assignatis
2876 2552 3071 2641 ipsius
3098 2554 3143 2618 J
3144 2552 3404 2618 ohannis

627 2653 1090 2744 imperpetuum
1123 2694 1138 2710 ·
1168 2655 1430 2725 licencia
1451 2672 1658 2726 nostra
1685 2683 1869 2748 super
1890 2661 2012 2728 hoc
2033 2685 2160 2727 non
2192 2673 2448 2750 optenta
2479 2699 2493 2713 ·
2527 2659 2904 2748 quequidam
2934 2673 3217 2726 carucata
3242 2671 3403 2726 terre

625 2785 772 2828 cum
814 2762 1212 2850 pertinenciis
1257 2764 1401 2831 data
1427 2764 1550 2830 fuit
1586 2779 1650 2832 et
1686 2791 1974 2834 concessa
2016 2767 2222 2834 Priori
2266 2782 2330 2834 et
2371 2767 2710 2834 conventui
2758 2767 2977 2832 domus
3016 2765 3293 2854 predicte
3338 2778 3402 2831 et

625 2889 842 2932 eorum
873 2869 1322 2935 successoribus
1349 2895 1462 2958 per
1491 2871 1755 2937 Dermot
1784 2873 1932 2939 Mac
1961 2873 2200 2962 Murgh
2224 2887 2367 2940 ante
2410 2888 2819 2960 conquestum
2855 2884 3015 2937 terre
3043 2884 3249 2936 nostre
3278 2871 3399 2935 Hi-

624 2972 841 3041 bernie
869 2974 938 3039 in
967 2998 1189 3063 puram
1217 2989 1282 3042 et
1309 2991 1675 3065 perpetuam
1704 2980 2106 3046 elemosinam
2140 2980 2606 3070 imperpetuum
2640 3017 2652 3032 ·
2685 2993 2748 3046 et
2775 3003 2861 3046 ex
2898 3003 3081 3045 causa
3124 2977 3401 3066 predicta

626 3080 795 3147 dicta
837 3095 1122 3150 carucata
1164 3098 1326 3151 terre
1369 3110 1514 3152 cum
1557 3087 1956 3175 pertinenciis
1998 3090 2068 3155 in
2108 3113 2302 3155 manu
2340 3101 2547 3155 nostra
2584 3100 2765 3175 capta
2802 3085 3018 3152 extitit
3054 3097 3118 3150 et
3146 3083 3352 3150 scisita
3384 3123 3395 3134 ·

622 3209 811 3274 super
846 3211 972 3274 quo
1010 3189 1230 3254 Frater
1246 3189 1605 3256 Willelmus
1644 3215 1813 3257 nunc
1851 3191 2034 3257 Prior
2079 3192 2303 3256 domus
2345 3190 2624 3280 predicte
2669 3189 2739 3255 in
2776 3188 2996 3254 eadem
3033 3187 3399 3253 cancellaria

621 3305 830 3358 nostra
857 3294 1025 3380 apud
1055 3294 1300 3361 Dublin
1327 3297 1730 3385 personaliter
1767 3323 2128 3388 comparens
2170 3299 2525 3387 placitando
2566 3296 2860 3385 allegavit
2886 3295 3057 3382 quod
3086 3294 3399 3383 predictus

619 3397 664 3462 J
665 3398 940 3464 ohannes
988 3398 1264 3488 Symcok
1295 3401 1610 3487 quondam
1638 3402 1820 3468 Prior
1848 3403 2068 3468 domus
2106 3401 2383 3491 predicte
2423 3401 2655 3467 dictam
2684 3412 3033 3466 carucatam
3062 3411 3221 3464 terre
3251 3422 3396 3464 cum

619 3503 1020 3591 pertinenciis
1048 3504 1232 3571 dictis
1259 3506 1304 3571 J
1305 3505 1537 3572 ohanni
1567 3505 1752 3572 Hunt
1781 3519 1846 3572 et
1871 3506 1916 3571 J
1916 3507 2163 3572 ohanne
2202 3505 2282 3571 ad
2320 3503 2655 3574 terminum
2694 3503 2907 3570 decem
2938 3514 3003 3569 et
3030 3515 3171 3568 octo
3200 3526 3391 3568 anno-

617 3629 760 3672 rum
796 3607 1034 3674 dimisit
1065 3647 1078 3660 ·
1111 3611 1341 3696 absque
1371 3611 1492 3676 hoc
1535 3610 1706 3696 quod
1743 3610 2014 3698 prefatus
2053 3610 2097 3675 J
2099 3610 2373 3676 ohannes
2418 3608 2695 3697 Symcok
2738 3608 3001 3676 eandem
3043 3621 3393 3678 carucatam

618 3721 780 3777 terre
808 3735 954 3777 cum
982 3711 1381 3800 pertinenciis
1409 3711 1660 3800 prefatis
1681 3713 1725 3778 J
1727 3712 1958 3779 ohanni
1982 3714 2170 3779 Hunt
2196 3727 2262 3780 et
2287 3715 2331 3780 J
2333 3714 2576 3780 ohanne
2605 3727 2791 3802 prout
2818 3739 2930 3803 per
2951 3714 3224 3781 officium
3255 3739 3392 3802 pre-

620 3815 860 3882 dictum
877 3816 1251 3906 supponitur
1279 3815 1574 3882 alienavit
1606 3854 1621 3868 ·
1654 3815 1971 3882 offerendo
1999 3816 2122 3883 hoc
2152 3817 2469 3882 verificare
2499 3829 2684 3904 prout
2702 3817 2876 3882 curia
2896 3831 3104 3882 nostra
3132 3841 3389 3884 consue-

617 3921 714 3987 vit
736 3958 751 3973 ·
783 3922 864 3988 ad
893 3922 1062 4008 quod
1082 3922 1126 3987 J
1128 3921 1401 3987 ohannes
1429 3919 1937 4008 Bermynghame
1967 3920 2239 3985 serviens
2267 3933 2475 3986 noster
2501 3943 2615 4007 pro
2643 3919 2823 3986 nobis
2842 3920 3196 4009 placitando
3226 3920 3393 3985 dixit

618 4027 789 4114 quod
831 4027 1146 4116 predictus
1177 4028 1222 4093 J
1223 4028 1498 4094 ohannes
1537 4025 1854 4112 quondam
1897 4025 2077 4094 Prior
2121 4026 2355 4093 dictam
2404 4039 2754 4092 carucatam
2794 4040 2956 4093 terre
3007 4051 3153 4093 cum
3196 4026 3387 4114 perti-

615 4133 854 4200 nenciis
900 4133 1150 4221 prefatis
1185 4133 1228 4199 J
1231 4131 1463 4198 ohanni
1512 4131 1699 4197 Hunt
1741 4145 1806 4198 et
1847 4131 1890 4197 J
1893 4131 2136 4198 ohanne
2173 4132 2361 4198 uxori
2405 4132 2541 4219 ejus
2582 4132 2934 4199 habendam
2973 4132 3091 4199 sibi
3120 4146 3185 4198 et
3211 4133 3388 4198 here-

618 4237 802 4304 dibus
831 4237 1026 4326 ipsius
1054 4239 1098 4304 J
1099 4239 1362 4305 ohannis
1398 4239 1586 4304 Hunt
1623 4238 2088 4328 imperpetuum
2131 4239 2431 4306 alienavit
2471 4252 2658 4327 prout
2700 4263 2813 4328 per
2841 4240 3115 4306 officium
3145 4239 3389 4327 predic—

613 4361 750 4409 tum
789 4343 1160 4432 supponitur
1193 4383 1205 4397 ·
1240 4344 1556 4410 offerendo
1598 4345 1720 4410 hoc
1763 4368 1878 4433 pro
1917 4345 2097 4411 nobis
2126 4346 2363 4412 scilicet
2393 4345 2712 4413 verificare
2745 4384 2759 4398 ·
2791 4359 2978 4435 prout
3020 4346 3088 4411 in
3130 4346 3386 4412 recordo

613 4464 678 4516 et
720 4473 1010 4538 processu
1037 4449 1187 4516 inde
1221 4449 1290 4514 in
1328 4450 1496 4517 dicta
1537 4450 1904 4518 cancellaria
1946 4466 2155 4517 nostra
2195 4451 2426 4520 habitis
2463 4465 2528 4520 et
2568 4475 2773 4519 coram
2795 4451 3143 4539 justiciario
3178 4463 3387 4516 nostro

697 4577 882 4624 mrsu
912 4577 1110 4626 sacri.
1142 4578 1274 4624 soc.
1312 4579 1408 4624 10.
1969 4559 2033 4624 N
3076 4558 3385 4626 Hibernie

3695 2 3700 4 .
3713 1 4099 10 -—--——-———-.-
4118 5 4123 7 .
4140 5 4149 8 e
