4295 5410
2198 664 2331 737 130

876 830 1130 907 cognitio
1156 828 1410 905 pertinet
1435 827 1506 885 de
1548 826 1734 884 causis
1775 844 1920 902 quas
1963 842 2137 901 super
2172 824 2549 900 pecuniarum
2590 822 2831 881 summis
2874 840 2977 880 seu
3012 822 3466 899 possessionibus
3504 822 3659 880 inter

880 930 1080 987 Laicos
1123 929 1235 986 sibi
1261 926 1527 985 subditos
1553 925 1706 984 verti
1743 924 2054 1002 contigerit
2085 922 2313 999 possint
2357 941 2697 1000 cognoscere
2734 922 3047 981 dummodo
3086 930 3323 999 pactum
3362 920 3661 979 firmatum

878 1026 992 1087 fide
1021 1029 1113 1085 vel
1139 1028 1473 1103 juramento
1514 1025 1894 1083 intervenerit
1922 1025 2077 1083 inter
2102 1034 2314 1101 partes,
2361 1034 2423 1083 et
2466 1024 2517 1081 si
2558 1023 2769 1099 aliquis
2806 1023 3015 1081 Laicus
3052 1024 3431 1100 conqueritur
3470 1042 3661 1081 coram

881 1126 998 1183 illis
1041 1125 1198 1202 quod
1224 1125 1530 1201 quisquam
1561 1123 1770 1180 Laicus
1797 1141 1998 1179 eorum
2043 1120 2319 1179 subditus
2343 1112 2539 1198 ipsum
2570 1140 2746 1198 super
2786 1121 2984 1198 aliquo
3008 1122 3251 1179 crimine
3277 1122 3663 1180 diffamaverit

879 1222 1054 1280 iidem
1101 1240 1274 1297 super
1313 1220 1422 1277 hoc
1462 1220 1534 1276 de
1559 1218 1662 1293 huj
1670 1216 1898 1275 usmodi
1940 1217 2360 1275 consuetudine
2379 1217 2653 1293 judicant
2695 1229 2755 1277 et
2794 1230 3164 1296 cognoscunt,
3196 1220 3406 1279 Clerici
3432 1239 3663 1297 quoque

881 1322 1232 1397 injuratores
1285 1340 1418 1378 suos
1471 1320 1672 1377 Laicos
1713 1319 2118 1377 consueverint
2162 1339 2195 1376 a
2233 1327 2492 1395 tempore
2530 1312 2702 1395 cujus
2743 1317 3018 1377 memoria
3057 1338 3174 1375 non
3219 1319 3423 1376 existit
3470 1312 3661 1376 coram

885 1419 1299 1478 Ecclesiasticis
1327 1420 1366 1477 J
1371 1418 1642 1476 udicibus
1668 1418 1988 1488 convenire,
2020 1417 2118 1475 sed
2146 1419 2186 1476 J
2190 1417 2474 1477 usticiarii
2499 1418 2777 1475 carissimi
2804 1418 2867 1474 in
2898 1416 3131 1475 Christo
3156 1416 3265 1473 filii
3289 1416 3476 1475 nostri
3496 1416 3661 1473 illus-

883 1518 994 1574 tris
1023 1517 1196 1593 Regis
1214 1516 1430 1591 Anglie
1462 1535 1527 1572 ac
1554 1514 1752 1573 dilecti
1777 1514 1885 1571 filii
1911 1515 2122 1573 nobilis
2162 1515 2279 1571 viri
2305 1514 2373 1571 E.
2394 1514 2767 1591 primogeniti
2792 1515 2920 1590 ejus
2947 1515 3181 1573 Domini
3210 1514 3493 1573 Hibernie
3518 1534 3660 1589 quo-

883 1617 1078 1673 minus
1105 1615 1594 1691 Archiepiscopus
1640 1612 1986 1689 suffraganei
2013 1613 2278 1671 officiales
2314 1623 2374 1671 et
2416 1615 2455 1672 J
2458 1613 2655 1671 udices
2696 1614 2942 1690 predicti
2985 1614 3058 1671 de
3098 1613 3434 1688 hujusmodi
3476 1614 3662 1670 causis

883 1720 1228 1788 cognoscant
1273 1720 1332 1767 et
1366 1710 1634 1785 judicent
1673 1717 1874 1766 contra
1913 1708 2207 1784 justitiam
2249 1710 2539 1787 impedere
2578 1721 2918 1786 presumant
2949 1711 3321 1788 prohibentes
3362 1712 3547 1789 (quod
3589 1732 3665 1769 ne

883 1810 1026 1886 quid
1053 1807 1166 1884 est)
1194 1828 1268 1866 ne
1296 1808 1506 1867 Clerici
1533 1808 1785 1866 Clericos
1809 1808 1873 1865 in
1899 1808 2085 1865 causis
2111 1809 2459 1885 pecuniariis
2500 1818 2606 1867 aut
2632 1810 3021 1868 Ecclesiamm
3047 1810 3317 1868 Rectores
3360 1830 3535 1887 super
3559 1812 3664 1869 ali-

885 1911 1100 1986 quibus
1148 1908 1396 1985 Capellis
1431 1907 1505 1964 ad
1539 1907 1822 1965 Ecclesiae
1863 1907 2004 1982 ipsis
2045 1907 2441 1983 spectantibus
2482 1917 2588 1965 aut
2629 1927 2805 1985 super
2844 1908 3078 1967 decimis
3112 1909 3356 1967 aliarum
3384 1910 3663 1968 Ecclesia-

884 2028 1018 2066 rum
1047 2009 1318 2065 Rectores
1345 2026 1532 2064 coram
1546 2007 1585 2064 J
1590 2004 1758 2063 udice
1778 2005 2179 2063 Ecclesiastico
2207 2006 2511 2065 convenire
2536 2015 2893 2083 presumant,
2935 2008 3109 2066 iidem
3136 2009 3311 2065 etiam
3338 2010 3379 2067 J
3381 2009 3665 2067 usticiarii

885 2116 945 2165 et
965 2107 1178 2165 Ballivi
1204 2126 1320 2163 non
1346 2106 1701 2182 permittunt
1719 2103 1875 2180 quod
1891 2105 2245 2162 contemnati
2257 2104 2516 2182 legitime
2530 2106 3161 2183 perArchiepiscopum
3188 2106 3574 2184 suffraganeos
3603 2118 3664 2167 et

885 2208 1024 2265 alios
1045 2206 1271 2281 judices
1298 2204 1500 2282 (etiam
1527 2224 1561 2261 a
1586 2203 1718 2262 sede
1749 2203 2085 2280 Apostolica
2110 2202 2427 2281 delegatos)
2452 2212 2693 2281 propter
2718 2206 3133 2263 contumatiam
3158 2207 3251 2263 vel
3278 2206 3551 2266 offensam
3590 2207 3664 2264 ad

879 2307 1131 2382 aliquam
1158 2304 1402 2381 pecunie
1427 2302 1816 2379 quantitatem
1841 2302 1914 2359 ad
1942 2302 2270 2359 solvendam
2302 2300 2467 2381 [per]
2498 2302 3035 2361 condemnacionem
3053 2304 3390 2380 hujusmodi
3418 2306 3662 2383 compel-

883 2406 1082 2463 lantur
1125 2404 1246 2462 sive
1292 2402 1448 2478 quod
1490 2400 1976 2477 Archiepiscopus
2013 2398 2361 2477 suffraganei
2400 2401 2494 2459 vel
2535 2401 2634 2459 alii
2674 2402 2925 2477 predicti
2964 2418 3310 2480 cognoscant
3350 2404 3423 2462 de
3476 2406 3663 2463 causis

881 2502 1161 2560 usurariis
1181 2499 1274 2558 vel
1299 2500 1548 2577 puniant
1575 2498 1870 2555 usurarios
1891 2498 2208 2556 secundum
2231 2500 2517 2557 Canonica
2544 2502 2827 2559 Instituta
2854 2522 2951 2562 seu
2982 2504 3137 2580 quod
3164 2506 3234 2563 de
3260 2507 3480 2563 usuriis
3498 2507 3663 2565 adul-

883 2602 1044 2659 teriis
1087 2609 1192 2658 aut
1227 2599 1354 2656 aliis
1396 2596 1737 2655 criminibus
1776 2597 2078 2671 inquirant
2103 2608 2283 2673 prout
2319 2598 2393 2655 ad
2432 2618 2635 2657 eorum
2680 2601 2935 2659 officium
2970 2604 3231 2661 noscitur
3255 2606 3547 2679 pertinere
3592 2606 3663 2664 de

875 2701 1014 2776 jure
1034 2719 1103 2758 ac
1129 2695 1546 2758 consuetudine
1589 2694 1938 2772 supradicta.
2029 2696 2213 2755 Porro
2240 2698 2289 2754 si
2314 2698 2470 2756 inter
2494 2699 2691 2757 virum
2716 2710 2776 2758 et
2802 2719 3045 2760 uxorem
3066 2721 3169 2778 per
3196 2702 3663 2760 Ecclesiasticum

884 2801 923 2858 J
927 2799 1153 2856 udicem
1199 2797 1485 2856 celebrato
1527 2796 1783 2854 divorcio
1824 2816 2015 2855 coram
2056 2818 2123 2856 eo
2166 2819 2342 2875 super
2368 2800 2504 2858 dote
2544 2802 2905 2860 restituenda
2946 2804 3305 2879 questionem
3347 2805 3490 2860 oriri
3528 2825 3663 2862 con-

881 2897 1073 2974 tingat
1115 2895 1362 2972 predicti
1390 2896 1431 2953 J
1433 2896 1718 2952 usticiarii
1755 2905 1816 2954 et
1850 2896 2063 2954 Ballivi
2110 2917 2185 2956 ne
2225 2900 2419 2958 dictus
2462 2901 2501 2958 J
2505 2901 2661 2959 udex
2703 2901 2898 2959 virum
2925 2902 2999 2959 ad
3023 2903 3441 2961 restituendam
3469 2904 3662 2962 dotem

879 2996 1113 3054 mulieri
1139 2993 1442 3070 compellat
1466 2993 1780 3070 prohibent
1813 3013 1918 3069 per
1946 3015 2050 3053 sue
2089 2997 2329 3054 libitum
2354 2999 2675 3056 voluntatis
2707 3019 3039 3076 quanquam
3079 3021 3383 3059 causarum
3410 3005 3663 3079 cognitio

881 3093 1218 3169 hujusmodi
1243 3092 1317 3149 ad
1343 3094 1810 3152 Ecclesiasticum
1841 3095 1880 3152 J
1883 3093 2111 3152 udicem
2150 3098 2442 3172 pertinere
2483 3109 2757 3156 noscatur
2785 3108 2904 3156 tam
2946 3099 3019 3156 de
3059 3099 3399 3176 hujusmodi
3426 3121 3661 3159 consue-

881 3194 1084 3252 tudine
1111 3212 1284 3270 quam
1315 3191 1387 3250 de
1405 3191 1560 3267 jure.
1642 3192 1915 3250 Preterea
1959 3191 2010 3248 si
2052 3192 2233 3267 aliqui
2276 3193 2427 3251 cives
2463 3194 2557 3251 vel
2592 3195 2908 3271 burgenses
2951 3197 3013 3252 in
3058 3198 3251 3272 aliqua
3279 3198 3531 3256 Civitate
3570 3201 3663 3256 vel

882 3296 1082 3371 Burgo
1117 3295 1368 3369 aliquam
1413 3293 1651 3350 domum
1692 3293 1786 3351 vel
1828 3293 2076 3350 fundum
2119 3305 2225 3352 aut
2266 3295 2536 3371 predium
2578 3296 2870 3353 urbanum
2912 3296 2986 3353 ad
3019 3316 3115 3355 eos
3158 3298 3509 3374 pertinentia
3548 3319 3663 3374 que

884 3395 1175 3471 Burgagia
1201 3393 1522 3469 vulgariter
1548 3392 1916 3468 appellantur
1958 3393 2132 3451 alicui
2161 3394 2414 3453 Ecclesia
2458 3395 2579 3453 sive
2604 3395 2892 3472 Religioso
2927 3395 3083 3454 Loco
3107 3397 3171 3452 in
3206 3396 3417 3453 ultima
3454 3397 3661 3454 volun-

884 3503 1004 3551 tate
1048 3494 1242 3568 legant
1284 3492 1518 3568 pietatis
1569 3493 1816 3550 obtentu
1867 3491 2079 3567 prefati
2127 3493 2167 3550 J
2170 3493 2455 3550 usticiarii
2506 3513 2571 3550 ac
2610 3493 2823 3551 Ballivi
2873 3513 2947 3552 ne
2989 3494 3178 3570 judex
3226 3495 3663 3554 Ecclesiasticus

885 3603 1225 3650 executores
1274 3600 1753 3650 testamentorum
1784 3593 2016 3650 Civium
2052 3604 2112 3652 et
2139 3595 2531 3673 Burgensium
2572 3595 2887 3652 eorundem
2928 3595 2999 3652 ad
3046 3595 3439 3670 exequendam
3466 3596 3529 3652 in
3556 3595 3663 3652 hac

882 3701 1048 3769 parte
1083 3692 1444 3749 voluntatem
1481 3703 1798 3750 extremam
1825 3703 2173 3751 testatorum
2200 3696 2461 3772 ipsorum
2506 3695 2811 3772 compellat
2848 3695 3053 3772 (prout
3080 3695 3151 3752 de
3175 3696 3398 3772 prefata
3423 3715 3661 3753 consue-

880 3790 1087 3848 tudine
1123 3799 1212 3847 est
1251 3790 1583 3868 obtentum)
1603 3793 1932 3870 impediunt
1957 3795 2153 3852 minus
2171 3795 2348 3871 juste.
2432 3796 2705 3854 Ceterum
2734 3795 2783 3852 si
2807 3794 2988 3870 aliqui
3008 3795 3177 3852 Laici
3202 3796 3471 3870 adscripti
3498 3794 3661 3854 G‘lebe

881 3891 1008 3966 (qui
1031 3891 1255 3968 Betaqii
1299 3891 1598 3968 vulyariter
1644 3893 2024 3972 appellantur)
2061 3896 2256 3972 aliqua
2300 3897 2371 3954 de
2405 3897 2571 3954 bonis
2614 3897 2734 3953 suis
2776 3895 3045 3952 Ecclesiis
3081 3894 3175 3952 vel
3216 3894 3517 3970 Religiosis
3556 3904 3662 3950 aut

881 3990 991 4064 piis
1033 3989 1173 4046 locis
1214 3989 1409 4066 legant
1454 3991 1688 4066 pietatis
1730 3993 1956 4050 intuitu
1999 3994 2058 4050 in
2088 3995 2297 4052 ultima
2341 3995 2645 4052 voluntate
2682 3993 2958 4070 sepedicti
2998 3993 3037 4050 J
3040 3992 3323 4050 usticiarii
3362 4000 3422 4049 et
3449 3991 3663 4050 Ballivi

881 4087 1210 4164 impediunt
1227 4106 1299 4144 ne
1316 4107 1418 4163 per
1438 4089 1590 4164 ipsos
1608 4090 2126 4168 Archiepiscopum
2160 4092 2550 4170 suffraganeos
2569 4101 2629 4151 et
2648 4091 2875 4168 judices
2902 4093 3055 4149 sicut
3080 4091 3151 4148 de
3176 4091 3398 4166 prefata
3424 4109 3663 4149 consue-

884 4187 1089 4244 tudine
1127 4187 1440 4244 ·obtentum
1481 4196 1569 4244 est
1607 4188 1670 4245 in
1711 4188 1817 4247 hec
1855 4190 2122 4248 voluntas
2153 4193 2444 4249 testatoris
2480 4191 2815 4250 execucioni
2855 4189 3180 4257 mandetur,
3226 4188 3297 4246 ad
3323 4187 3431 4247 hec
3456 4191 3506 4247 si
3531 4209 3661 4266 pre-

883 4286 1038 4342 fatus
1067 4283 1194 4342 Rex
1222 4292 1282 4341 et
1310 4283 1538 4340 Nobilis
1563 4284 1734 4342 dictis
1762 4285 2213 4363 Archiepiscopo
2254 4286 2629 4364 suffraganeis
2656 4295 2717 4345 et
2734 4287 3035 4362 judicibus
3074 4285 3378 4344 inhibeant
3410 4307 3484 4346 ns
3508 4288 3661 4345 ulte-

879 4386 1005 4442 rius
1031 4383 1342 4460 procedant
1367 4383 1428 4439 in
1454 4382 1646 4458 aliqua
1683 4401 1854 4442 causa
1890 4405 2064 4462 quam
2094 4405 2432 4462 cognoscere
2457 4388 2780 4465 inceperint
2804 4385 2977 4444 iidem
3010 4387 3049 4444 J
3054 4386 3337 4444 usticiarii
3364 4397 3423 4444 et
3450 4387 3664 4444 Ballivi

876 4487 1032 4562 ipsos
1057 4501 1164 4560 pro
1191 4502 1258 4540 eo
1283 4480 1440 4558 quod
1466 4481 1538 4540 de
1574 4501 1744 4540 causa
1769 4483 1894 4559 ipsa
1931 4485 2277 4560 inceperunt
2319 4503 2655 4561 cognoscere
2682 4485 2855 4542 etiam
2884 4485 2932 4540 si
2958 4482 3295 4559 hujusmodi
3322 4483 3663 4542 inhibicioni

3359 4586 3659 4660 paruerint
