4295 5410
1935 653 2018 724 71

721 814 1088 880 Tenendam
1138 827 1204 880 et
1237 813 1588 879 habendam
1618 811 1848 878 dictam
1887 812 2215 877 dimidiam
2256 826 2634 880 carrucatam
2681 828 2840 880 terre
2880 840 3025 882 cum
3075 819 3365 884 omnibus
3458 825 3483 854 ⁴·

589 921 714 986 suis
742 919 1140 1008 pertinenciis
1170 918 1353 985 dictis
1381 917 1692 984 canonicis
1735 932 1799 983 et
1843 917 1970 983 suis
2015 918 2466 984 successoribus
2505 919 2584 984 de
2626 943 2729 985 me
2758 933 2823 986 et
2847 921 3181 988 heredibus
3210 925 3363 989 meis

588 1052 731 1093 cum
763 1027 1120 1092 omnimoda
1145 1026 1466 1092 communi
1493 1040 1743 1115 pastura
1772 1026 2081 1092 dictarum
2115 1040 2589 1093 montanearum
2618 1027 2817 1094 libere
2847 1030 3056 1115 quiete
3087 1031 3361 1117 plenarie

587 1147 653 1200 et
677 1135 921 1222 integre
960 1137 1120 1200 bene
1148 1145 1213 1201 et
1239 1133 1310 1198 in
1352 1158 1502 1221 pace
1537 1172 1549 1185 ·
1581 1133 1650 1198 in
1679 1133 1870 1221 pratis
1909 1147 1974 1199 et
2000 1135 2244 1223 pascuis
2284 1134 2547 1224 pasturis
2576 1136 2645 1200 in
2674 1136 2861 1202 moris
2900 1152 2965 1203 et
2992 1138 3265 1204 mariscis
3291 1139 3361 1204 in

583 1241 876 1308 turbariis
904 1241 1172 1330 genestis
1200 1252 1265 1307 et
1285 1240 1548 1307 brueriis
1568 1240 1637 1304 in
1667 1241 1842 1326 aquis
1871 1253 1935 1306 et
1955 1241 2189 1328 stagnis
2211 1255 2277 1306 et
2294 1240 2669 1307 molendinis
2690 1242 2842 1307 etin
2865 1244 3151 1310 omnibus
3173 1244 3359 1310 liber-

585 1346 816 1412 tatibus
862 1361 928 1412 et
954 1347 1164 1413 liberis
1209 1346 1763 1413 consuetudinibus
1809 1347 1891 1412 ad
1927 1347 2189 1413 liberam
2228 1359 2453 1412 terram
2500 1348 2972 1434 pertinentibus.
3060 1351 3160 1416 Ita
3188 1352 3359 1437 quod

586 1454 770 1520 liceat
812 1453 1048 1520 eisdem
1089 1452 1402 1519 canonicis
1445 1466 1510 1517 et
1550 1452 1676 1518 suis
1704 1453 2064 1518 hominibus
2091 1476 2341 1541 pascere
2370 1452 2579 1518 fodere
2626 1478 2830 1520 secare
2876 1470 2941 1519 et
2987 1460 3194 1522 omnia
3238 1458 3361 1522 alia

587 1564 921 1629 asiamenta
946 1563 1096 1628 inde
1125 1563 1355 1628 habere
1395 1563 1558 1628 sicut
1586 1586 1703 1650 ego
1746 1585 2044 1648 umquam
2073 1562 2268 1628 habui
2306 1561 2411 1627 vel
2448 1560 2641 1647 aliqui
2671 1562 2739 1625 in
2769 1562 3021 1629 nomine
3066 1587 3206 1630 meo
3252 1579 3361 1628 aut

586 1683 993 1734 antecessores
1029 1669 1156 1734 mei
1193 1668 1298 1734 vel
1325 1669 1520 1754 aliqui
1559 1669 1813 1734 nomine
1851 1693 2068 1734 eorum
2095 1668 2245 1732 inde
2282 1667 2505 1732 melius
2544 1667 2789 1754 plenius
2826 1680 2936 1732 aut
2964 1667 3219 1734 liberius
3246 1669 3356 1734 ha-

585 1773 856 1840 buerunt
885 1773 986 1839 vel
1015 1773 1225 1859 aliquo
1255 1784 1534 1859 tempore
1565 1786 1917 1840 tenuerunt.

712 1880 1060 1946 Reddendo
1081 1881 1230 1946 inde
1260 1882 1580 1946 annuatim
1609 1881 1767 1947 mihi
1795 1894 1860 1948 et
1879 1882 2213 1949 heredibus
2242 1881 2396 1948 meis
2418 1881 2539 1969 ipsi
2560 1895 2625 1947 et
2646 1905 3019 1949 successores
3047 1881 3143 1948 sui
3166 1907 3353 1948 unam

584 1987 809 2054 libram
837 1988 1054 2053 cimini
1074 1989 1144 2052 in
1171 1987 1328 2054 festo
1355 1988 1774 2076 apostolorum
1805 1990 2090 2078 Philippi
2120 2004 2185 2056 et
2212 1991 2257 2055 J
2258 1989 2437 2056 acobi
2465 2013 2579 2077 pro
2608 1990 2779 2054 omni
2809 1991 3070 2057 servicio
3100 1989 3359 2056 seculari

584 2108 748 2160 secta
775 2094 946 2160 curie
975 2095 1304 2160 exactione
1332 2108 1398 2160 et
1418 2095 1725 2161 demanda
1753 2096 1834 2162 ad
1853 2119 1956 2162 me
1985 2096 2088 2163 vel
2114 2096 2373 2161 heredes
2401 2119 2571 2161 meos
2590 2095 2949 2182 pertinenti.
3036 2097 3178 2184 Ego
3206 2121 3357 2160 vero

585 2217 648 2266 et
684 2201 944 2267 heredes
987 2201 1112 2266 mei
1142 2201 1374 2266 dictam
1405 2199 1732 2266 dimidiam
1759 2213 2109 2266 carucatam
2137 2213 2299 2266 terre
2336 2223 2483 2264 cum
2526 2200 2651 2264 suis
2694 2200 3091 2287 pertinenciis
3120 2213 3185 2266 et
3211 2225 3357 2266 cum

585 2305 942 2371 omnimoda
979 2319 1228 2393 pastura
1255 2305 1684 2392 prenominata
1711 2302 2006 2391 predictis
2033 2303 2347 2370 canonicis
2382 2315 2448 2369 et
2486 2306 2933 2373 successoribus
2976 2307 3102 2372 suis
3144 2321 3358 2373 contra

586 2435 797 2476 omnes
825 2412 1110 2477 homines
1137 2425 1204 2477 et
1229 2412 1489 2477 feminas
1517 2411 1792 2499 plenarie
1819 2411 2358 2476 warentizabimus
2386 2411 2455 2474 in
2483 2425 2874 2499 perpetuum.

713 2517 802 2582 Et
828 2531 900 2582 ut
928 2519 1045 2584 hec
1087 2541 1228 2583 mea
1267 2518 1528 2584 donacio
1573 2518 1884 2584 concessio
1936 2530 2000 2584 et
2045 2515 2441 2583 confirmacio
2484 2531 2783 2605 perpetue
2820 2517 3129 2584 firmitatis
3166 2522 3355 2585 robur

584 2623 862 2690 obtineat
889 2637 1236 2712 presentem
1265 2637 1499 2690 cartam
1535 2623 1726 2713 sigissi
1755 2623 1881 2688 mei
1910 2623 2312 2711 impressione
2341 2622 2645 2688 roboravi.
2734 2623 2880 2689 Hiis
2908 2625 3166 2690 testibus
3200 2663 3212 2676 ·
3245 2625 3354 2690 do-

583 2732 768 2795 minis
797 2730 1066 2796 Ricardo
1095 2729 1371 2818 Anglico
1405 2768 1416 2779 ·
1451 2728 1738 2794 Gilberto
1786 2728 1864 2792 de
1901 2726 2068 2793 bello
2097 2727 2155 2790 F
2156 2751 2274 2814 ago
2307 2765 2319 2778 ·
2352 2726 2677 2792 Willelmo
2716 2728 2993 2817 Anglico
3027 2767 3039 2780 ·
3071 2729 3353 2796 waltero

584 2836 884 2901 Lacheles
909 2875 922 2887 ·
941 2835 1266 2901 Willelmo
1289 2835 1368 2901 de
1398 2835 1601 2900 Fonte
1635 2873 1648 2886 -
1681 2833 1949 2899 Ricardo
1981 2832 2283 2898 Lacheles
2315 2871 2329 2883 ·
2362 2832 2509 2897 Ada
2538 2832 2616 2898 de
2648 2833 2811 2899 Karr
2841 2872 2853 2885 ·
2884 2836 2929 2900 J
2931 2835 3173 2901 ohanne
3207 2835 3351 2901 Sut-

583 2958 691 3007 ton
719 2982 731 2995 ·
756 2943 1081 3009 Willelmo
1118 2943 1476 3031 Lyssebone
1519 2982 1530 2993 ·
1573 2944 1762 3009 Petro
1802 2943 1880 3008 de
1911 2941 2197 3008 Coulock
2234 2980 2247 2991 ·
2280 2942 2325 3006 J
2327 2941 2570 3007 ohanne
2615 2940 2693 3006 de
2724 2941 2971 3007 Renina
3004 2982 3013 2992 -
3046 2941 3351 3008 Nicholao

584 3050 661 3114 de
693 3050 946 3115 Exonia
974 3050 1198 3115 clerico
1229 3064 1293 3115 et
1320 3048 1532 3114 multis
1563 3049 1716 3114 aliis.

1796 3310 2121 3381 LXXX.

1257 3496 1373 3570 Ἐκ
1406 3496 1870 3587 quinquaginta
1905 3496 2065 3569 atria
2100 3498 2269 3585 apuu
2302 3494 2655 3584 acnuam.

709 3683 898 3749 Ciant
926 3697 1238 3772 presentes
1275 3696 1340 3750 et
1374 3683 1570 3750 futuri
1609 3682 1779 3769 quod
1816 3706 1934 3770 ego
1962 3681 2335 3747 Waleranus
2372 3680 2450 3747 de
2477 3680 2863 3769 Welleslegh
2892 3680 3040 3745 dedi
3076 3682 3347 3747 concessi

750 3806 816 3859 et
841 3792 960 3857 hac
981 3792 1253 3879 presenti
1274 3804 1442 3857 carta
1467 3814 1608 3856 mea
1636 3789 1998 3856 confirmavi
2016 3787 2221 3853 Priori
2242 3801 2307 3853 et
2328 3786 2640 3853 canonicis
2659 3786 2963 3851 Omnium
2978 3785 3345 3852 Sanctorum

571 3899 763 3983 juxta
790 3898 1036 3965 Dublin
1065 3898 1521 3987 quinquaginta
1567 3920 1734 3962 acras
1773 3909 1934 3961 terre
1982 3918 2128 3961 cum
2174 3893 2573 3981 pertinenciis
2600 3892 2671 3956 in
2700 3904 3054 3957 tenemento
3084 3892 3163 3957 de
3195 3892 3344 3958 Cre-

576 4004 744 4070 wath
774 4017 838 4069 et
866 4003 1214 4068 dominium
1255 4016 1320 4068 et
1345 4001 1678 4067 servicium
1708 3999 1924 4065 decem
1954 4022 2233 4065 acrarum
2262 4020 2415 4083 quas
2442 3997 2485 4061 J
2488 3998 2761 4061 ohannes
2788 3995 3095 4062 Wodeloc
3124 4010 3297 4062 tenet
3328 4034 3341 4049 ·

573 4110 870 4175 videlicet
898 4108 976 4174 de
1023 4120 1184 4173 terra
1229 4131 1352 4193 que
1379 4106 1502 4171 fuit
1529 4104 1844 4191 quondam
1875 4101 2152 4168 Cormok
2183 4100 2428 4166 Oculan
2456 4100 2525 4165 in
2564 4116 2737 4188 parte
2784 4101 3152 4167 occidentali
3180 4116 3340 4168 terre

574 4214 654 4280 ad
671 4213 994 4280 ecclesiam
1012 4214 1091 4279 de
1111 4214 1400 4279 Crewath
1414 4212 1846 4301 [pertinentis]
1870 4234 2016 4277 cum
2037 4210 2393 4275 communia
2410 4210 2608 4275 tocius
2631 4222 2923 4275 montane
2944 4222 3072 4275 tam
3094 4223 3339 4296 pastu-re

575 4349 762 4411 quam
792 4324 964 4391 bosci
993 4337 1056 4389 et
1083 4324 1344 4390 turbarii
1371 4336 1623 4412 geneste
1661 4337 1727 4387 et
1753 4323 1976 4388 bruere
2006 4343 2128 4406 que
2159 4318 2475 4407 pertinent
2502 4318 2581 4383 ad
2608 4318 2779 4384 idem
2807 4330 3233 4384 tenementum
3262 4316 3339 4381 de

574 4432 866 4497 Crewath
901 4468 912 4481 ·
947 4430 1025 4496 ad
1054 4430 1360 4497 utendum
1396 4442 1460 4496 et
1487 4429 1862 4517 capiendum
1899 4427 2047 4493 inde
2095 4426 2267 4513 quod
2311 4427 2545 4493 eisdem
2591 4425 2901 4493 canonicis
2941 4438 3006 4491 et
3033 4422 3157 4487 suis
3202 4446 3336 4486 suc-

3000 4527 3336 4594 cessoribus
