4295 5410
2334 673 2467 725 102

1005 834 1073 899 in
1101 833 1348 920 judicio
1386 833 1790 922 personaliter
1826 832 2350 921 comparentibus,
2390 831 2513 899 viz.
2558 832 2719 901 lecta
2760 834 3159 923 suggestione
3188 835 3257 899 in
3286 835 3458 903 dicto
3494 834 3791 901 tuicionis

1001 940 1255 1029 negotio
1283 940 1446 1011 facta
1477 978 1492 995 ·
1521 964 1668 1007 cum
1697 939 2087 1029 propositum
2115 938 2337 1007 fuisset
2370 939 2623 1007 eosdem
2653 941 2935 1009 Priorem
2964 954 3031 1009 et
3066 956 3449 1009 conventum
3478 967 3567 1009 ex
3592 943 3792 1009 causis

1003 1047 1072 1111 in
1101 1047 1319 1113 eadem
1349 1046 1748 1137 suggestione
1794 1045 2106 1111 contentis
2143 1045 2227 1113 ad
2265 1045 2479 1113 sedem
2522 1046 2927 1133 apostolicam
2956 1060 3023 1115 et
3050 1048 3132 1115 ad
3172 1047 3513 1116 tuicionem
3542 1073 3655 1115 sue
3684 1072 3791 1137 ap-

1004 1150 1368 1238 pellacionis
1413 1152 1626 1218 sedem
1671 1151 1918 1217 Dublin
1961 1166 2340 1218 memoratus
2370 1153 2415 1218 J
2417 1152 2693 1219 ohannes
2722 1155 2975 1221 eosdem
3003 1155 3283 1222 Priorem
3317 1170 3382 1221 et
3408 1170 3792 1222 conventum

1003 1280 1089 1323 ex
1140 1258 1340 1323 causis
1384 1258 1697 1347 premissis
1745 1273 1820 1324 ut
1867 1260 2239 1347 premissum
2282 1272 2377 1326 est
2423 1260 2761 1349 appellasse
2800 1262 3113 1329 confessus
3156 1262 3281 1328 fuit
3317 1256 3527 1329 coram
3571 1262 3793 1328 eodem

1003 1363 1255 1431 officiali
1282 1365 1351 1430 in
1372 1367 1518 1452 jure
1537 1366 1735 1433 nichil
1754 1390 2108 1455 proponens
2130 1391 2321 1453 quare
2342 1367 2509 1455 ipsos
2528 1366 2812 1434 Priorem
2840 1383 2906 1434 et
2932 1382 3316 1435 conventum
3337 1369 3503 1434 tueri
3530 1368 3793 1434 minime

1004 1470 1278 1539 deberet.
1367 1471 1522 1539 Ideo
1565 1496 1715 1541 vero
1757 1472 2040 1541 officialis
2085 1511 2100 1527 ·
2147 1473 2227 1541 de
2268 1473 2549 1539 virorum
2584 1474 2993 1565 prudentium
3022 1488 3089 1541 et
3107 1474 3271 1562 juris
3298 1475 3645 1565 peritorum
3676 1475 3793 1542 sibi

1002 1578 1408 1645 assidentium
1429 1580 1690 1646 consilio
1716 1618 1729 1632 ·
1754 1579 2102 1670 sepedictus
2110 1580 2396 1649 Priorem
2418 1593 2483 1647 et
2503 1594 2887 1649 conventum
2909 1580 3351 1669 pronunciavit
3370 1580 3503 1647 fore
3525 1580 3793 1647 tuendos

1002 1687 1073 1751 in
1119 1710 1230 1753 sua
1279 1688 1704 1775 appellacione
1755 1712 2078 1776 quousque
2113 1710 2301 1775 super
2336 1710 2411 1753 ea
2438 1686 2611 1775 lapso
2656 1712 2820 1753 anno
2864 1727 2878 1740 -
2920 1688 3097 1753 nullo
3142 1686 3599 1775 impedimento
3636 1686 3791 1773 legi-

1005 1790 1163 1856 timo
1208 1792 1614 1882 contingente
1667 1834 1682 1849 ·
1735 1820 1773 1861 a
1817 1795 1922 1862 die
1961 1795 2257 1861 tuicionis
2300 1818 2588 1863 concesse
2637 1832 2650 1847 ·
2705 1797 3072 1863 auctoritate
3123 1794 3291 1862 dicte
3350 1793 3544 1861 Curie
3588 1793 3791 1859 effica-

1005 1897 1162 1963 citer
1181 1912 1448 1967 execute
1473 1938 1488 1953 ·
1517 1924 1658 1989 pars
1687 1902 1998 1991 appellata
2015 1926 2052 1967 a
2067 1902 2307 1990 prefata
2334 1901 2508 1967 curia
2534 1900 2903 1969 dimittatur.
2938 1902 3365 1983 Quamobrem
3386 1898 3791 1989 precipiendo

1007 2005 1300 2073 destricte
1325 2006 1693 2073 mandamus
1723 2018 2028 2093 quatenus
2061 2042 2075 2057 ·
2107 2005 2424 2093 pendente
2458 2005 2823 2092 hujusmodi
2852 2006 3279 2095 appellacione
3312 2042 3327 2058 ·
3358 2003 3697 2091 quominus
3714 2005 3791 2069 li·

1004 2112 1218 2179 beram
1234 2111 1462 2179 habeat
1480 2112 1846 2198 hujusmodi
1867 2112 2312 2201 appellacionis
2327 2113 2747 2201 prosequendi
2764 2113 3124 2181 facultatem
3145 2110 3345 2178 nichil
3362 2134 3550 2199 super
3562 2110 3791 2177 vicaria

1004 2220 1287 2310 predicta
1303 2256 1318 2271 ·
1337 2220 1528 2287 etiam
1555 2221 1672 2289 sub
1693 2244 1858 2311 pena
1885 2218 2557 2286 excommunicationis
2581 2257 2595 2271 ·
2620 2232 2927 2287 attentare
2948 2218 3319 2308 presumetis
3340 2241 3667 2304 quousque
3694 2242 3787 2283 re-

1005 2325 1306 2413 scriptum
1347 2348 1535 2413 super
1573 2322 2001 2413 appellacione
2037 2323 2234 2412 priori
2271 2323 2439 2390 infra
2464 2324 2739 2412 primum
2780 2326 2967 2393 fatale
3010 2340 3287 2393 cessante
3328 2325 3788 2413 prorogacionis

1005 2429 1458 2519 impedimento
1487 2426 1744 2497 duxerit
1769 2426 2239 2515 impetrandum
2268 2438 2331 2493 et
2359 2438 2588 2495 cetera.

2254 2758 2553 2834 XVIII.

1015 2969 1164 3070 [Ὧι
1196 2969 1581 3044 caumatum
1627 2979 1932 3041 unarum
1966 2986 2005 3041 a
2039 2967 2237 3059 priore
2269 2980 2326 3041 tt
2360 2971 2661 3042 muttum
2700 2968 2972 3043 mamus
3008 2968 3349 3043 &muium
3383 2967 3783 3052 §annornm

1362 3092 1538 3180 §uxta
1569 3082 1897 3184 nablia]
1959 3085 2068 3158 ax
2095 3087 2289 3160 mut:
2324 3084 2471 3178 mlx
2512 3108 2627 3182 33.
2681 3085 2871 3160 Qum.
2908 3087 2972 3158 Ξ.
3007 3084 3290 3172 math.
3338 3110 3445 3158 ιο.

1187 3288 1450 3358 Mnibus
1493 3285 1732 3356 Christi
1770 3285 2062 3352 fidelibus
2106 3307 2359 3373 presens
2408 3283 2711 3372 scriptum
2754 3282 2980 3348 visuris
3023 3283 3128 3350 vel
3171 3282 3479 3348 audituris
3512 3283 3787 3349 Thomas

1232 3399 1264 3480 [
1897 3399 1928 3480 ]
1959 3417 2106 3461 cum
2135 3392 2319 3457 Prior
2346 3383 2786 3458 et'conventus
2824 3390 3047 3456 domus
3078 3389 3385 3455 Omnium
3416 3388 3786 3455 Sanctorum

1002 3503 1196 3589 juxta
1224 3500 1468 3567 Dublin
1497 3523 1613 3589 pro
1641 3523 1706 3566 se
1736 3512 1800 3566 et
1829 3499 2283 3566 successoribus
2329 3500 2360 3582 [
3095 3502 3125 3583 ]
3174 3497 3593 3564 concesserint
3618 3509 3686 3563 et
3711 3495 3791 3562 ad

1009 3610 1256 3676 firmam
1283 3606 1654 3674 tradiderint
1680 3607 1724 3672 J
1725 3606 1960 3673 ohanni
1986 3605 2120 3672 filio
2152 3605 2401 3672 Thome
2430 3605 2490 3672 le
2520 3603 2873 3670 Mareschal
2900 3603 3128 3670 clerico
3158 3627 3373 3670 omnes
3400 3605 3561 3686 terr[

1523 3719 1554 3800 ]
1588 3713 1892 3802 Kynturk
1919 3726 1985 3784 et
2013 3713 2234 3782 Belese
2263 3736 2409 3782 cum
2446 3712 2573 3778 suis
2612 3710 3017 3800 pertinenciis
3044 3710 3317 3777 tenenda
3344 3709 3426 3776 ad
3453 3709 3790 3782 terminum

1012 3844 1316 3890 annorum
1345 3831 1533 3909 prout
1557 3819 1628 3884 in
1657 3818 1827 3906 quod
1859 3819 1890 3901 [
2636 3820 2667 3901 ]
2698 3815 2864 3880 inter
2889 3813 3205 3902 predictos
3235 3813 3520 3882 Priorem
3548 3826 3616 3880 et
3642 3837 3785 3882 con-

1007 3941 1270 3996 ventum
1296 3939 1364 3993 et
1390 3926 1742 4014 predictum
1771 3926 1816 3991 J
1817 3926 2128 3992 ohannem
2156 3924 2307 3991 inde
2336 3921 2621 3990 confecto
2649 3921 2897 4010 plenius
2928 3923 2959 4007 [
3753 3925 3782 4005 ]

1007 4037 1051 4102 J
1053 4035 1330 4102 ohannes
1378 4033 1597 4099 eadem
1645 4045 1838 4100 terras
1887 4045 1954 4100 et
1997 4044 2353 4100 tenementa
2402 4055 2549 4098 curn
2606 4030 2734 4096 suis
2778 4027 3181 4117 pertinenciis
3228 4025 3429 4092 michi
3486 4025 3785 4092 concessit

1006 4141 1246 4210 dimisit
1273 4153 1338 4207 et
1363 4138 1624 4207 tradidit
1655 4143 1685 4223 [
2288 4144 2319 4225 ]
2352 4149 2418 4204 et
2434 4137 2580 4222 jure
2608 4160 2722 4204 suo
2751 4135 2922 4222 quod
2948 4133 3175 4202 habuit
3200 4131 3271 4198 in
3297 4131 3480 4198 firma
3504 4131 3783 4219 predicta

1007 4260 1194 4340 prout
1223 4268 1334 4336 per
1363 4244 1665 4332 scriptum
1692 4243 1862 4330 quod
1889 4242 2049 4310 mihi
2077 4242 2227 4308 inde
2254 4241 2405 4310 fecit
2435 4242 2465 4323 [
3262 4241 3293 4322 ]
3324 4233 3647 4304 Noveritis
3675 4261 3781 4304 sue

1005 4350 1312 4420 dimisisse
1341 4345 1710 4416 concessisse
1737 4359 1802 4412 et
1828 4344 2156 4414 tradidisse
2176 4343 2487 4410 Nicholao
2516 4343 2595 4410 de
2618 4343 2943 4410 Balescote
2972 4343 3133 4410 Gros
3164 4343 3195 4425 [
3748 4348 3777 4428 ]

1003 4457 1342 4528 heredibus
1378 4467 1445 4522 et
1487 4451 1810 4542 assignatis
1845 4451 1971 4520 suis
2016 4474 2233 4518 omnes
2274 4463 2467 4518 terras
2508 4464 2575 4516 et
2616 4460 2979 4518 tenementa
3018 4437 3300 4537 predicta
3334 4469 3483 4512 cum
3520 4445 3777 4514 edificiis

3256 4563 3264 4569 ’
3486 4550 3775 4618 dominiis
