4295 5410
2250 613 2337 665 12

900 781 1297 848 concedimus
1335 792 1399 846 et
1444 777 1880 845 confirmamus
1913 815 1926 828 ·
1957 774 2120 841 sicut
2154 789 2325 841 carta
2352 775 2632 864 predicta
2680 773 3140 841 racionabiliter
3168 785 3445 840 testatur.
3533 771 3680 837 Hiis

901 887 1161 952 testibus
1188 924 1201 937 ·
1227 887 1308 950 D.
1331 888 1392 969 [P
1413 885 1524 972 R.]
1552 885 1832 950 Bathon:
1863 896 1927 950 et
1949 883 2237 949 Wellen:
2270 922 2285 934 ·
2316 884 2400 948 A.
2421 881 2878 949 Dunnolmcnsi
2902 895 2967 947 et
2994 882 3055 947 J.
3076 880 3295 946 Elien:
3326 878 3632 968 episcopis
3665 916 3677 928 ·

905 991 1229 1057 Willelmo
1259 992 1337 1057 de
1367 990 1674 1056 Valencia
1719 989 2028 1056 avunculo
2074 1002 2285 1054 nostro
2320 1027 2333 1040 ·
2365 987 2645 1055 Henrico
2682 988 2761 1054 de
2792 987 2996 1076 Lascy
3035 987 3264 1054 comite
3304 983 3631 1050 Lincolnie
3666 1021 3679 1034 ·

907 1099 1183 1166 Roberto
1213 1099 1291 1165 de
1323 1099 1605 1187 Tybotot
1629 1135 1643 1149 ·
1667 1098 1710 1163 J
1712 1097 1954 1162 ohanne
1978 1097 2056 1162 de
2096 1111 2309 1162 sancto
2330 1097 2374 1162 J
2376 1097 2621 1162 ohanne
2652 1109 2715 1162 et
2754 1095 2909 1162 aliis.
3000 1095 3237 1160 Datum
3276 1115 3388 1181 per
3426 1113 3681 1156 manum

907 1217 1178 1269 nostram
1226 1204 1393 1292 apud
1421 1203 2044 1272 westmonasterium
2073 1203 2541 1289 quartodecimo
2570 1202 2673 1268 die
2705 1199 3031 1268 Februarii
3063 1222 3226 1267 anno
3272 1197 3452 1287 regni
3488 1195 3683 1262 nostri

911 1309 1155 1375 decimo
1183 1324 1422 1375 octavo.

2190 1553 2405 1630 VIII.

1855 1737 2292 1816 OEnnfltmatln
2329 1739 2592 1814 alterius
2628 1741 2723 1814 ΕΒ.

1087 1931 1394 1998 Dwardus
1423 1928 1546 1996 Dei
1574 1930 1784 2020 gracia
1812 1928 1958 2019 Rezr
1974 1927 2211 2018 Anglie
2239 1940 2305 1994 et
2332 1927 2596 1994 Francie
2624 1942 2689 1994 et
2717 1926 3006 1993 dominus
3036 1927 3345 1994 Hibernie
3376 1965 3391 1980 ·
3422 1928 3689 1994 Archie-

1134 2037 1401 2129 piscopis
1457 2035 1763 2124 episcopis
1820 2034 2149 2101 abbatibus
2204 2033 2515 2123 prioribus
2564 2033 2897 2102 comitibus
2952 2035 3290 2101 baronibus
3329 2034 3692 2120 justiciariis

914 2143 1388 2213 vicecomitibus
1426 2142 1753 2233 prepositis
1782 2141 2079 2208 ministris
2117 2155 2183 2209 et
2219 2142 2509 2209 omnibus
2535 2141 2785 2208 ballivis
2813 2155 2878 2209 et
2904 2141 3194 2210 fidelibus
3238 2142 3365 2208 suis
3410 2142 3690 2208 salutem.

918 2253 1182 2320 Constat
1201 2251 1380 2316 nobis
1408 2273 1519 2338 per
1544 2247 1995 2339 inspectionem
2024 2249 2367 2316 rotulorum
2396 2249 2763 2318 cancellarie
2784 2249 3024 2316 domini
3048 2249 3126 2315 E.
3157 2249 3471 2336 quondam
3502 2247 3694 2336 Regis

918 2359 1157 2448 Anglie
1196 2357 1298 2423 avi
1335 2357 1530 2422 nostri
1562 2395 1573 2408 ·
1607 2357 1777 2443 quod
1804 2356 1972 2422 idem
2004 2381 2156 2422 avus
2193 2371 2403 2422 noster
2440 2371 2671 2424 cartam
2700 2380 2876 2424 suam
2904 2356 3039 2422 fieri
3066 2355 3218 2422 fecit
3242 2356 3312 2420 in
3338 2355 3459 2421 hec
3486 2355 3691 2421 verba.

1050 2463 1398 2530 Edwardus
1428 2461 1552 2528 Dei
1597 2461 1806 2551 gracia
1835 2463 1980 2528 Rex
2017 2461 2257 2551 Anglie
2300 2462 2592 2527 dominus
2632 2461 2939 2529 Hibernia
2984 2476 3050 2528 et
3092 2462 3227 2527 dux
3254 2461 3643 2548 Aquitannie
3672 2491 3690 2510 ι

919 2568 1428 2658 Archiepiscopis
1482 2566 1786 2656 episcopis
1845 2567 2172 2634 abbatibus
2223 2567 2531 2656 prioribus
2582 2567 2913 2635 comitibus
2956 2567 3293 2634 baronibus
3332 2565 3694 2654 justiciariis

920 2675 1392 2747 vicecomitibus
1421 2673 1746 2763 prepositis
1791 2674 2088 2740 ministris
2126 2687 2193 2741 et
2231 2673 2521 2742 omnibus
2548 2672 2796 2741 ballivis
2833 2688 2897 2741 et
2924 2673 3213 2742 fidelibus
3250 2673 3375 2740 suis
3414 2673 3692 2741 salutem.

921 2783 1323 2873 Inspeximus
1371 2794 1603 2848 cartam
1655 2804 1844 2867 quam
1889 2780 2180 2845 dominus
2227 2780 2541 2847 Henricus
2592 2781 2907 2866 quondam
2952 2780 3097 2846 Rex
3142 2780 3381 2869 Anglie
3430 2804 3699 2868 proavus

921 2905 1131 2957 noster
1157 2889 1306 2956 fecit
1341 2885 1596 2954 ecclesie
1627 2886 1930 2953 Omnium
1964 2888 2333 2955 Sanctorum
2369 2889 2439 2954 in
2474 2886 2761 2956 orientali
2798 2902 2973 2978 parte
3002 2888 3246 2954 Dubh'n
3284 2902 3349 2955 et
3386 2888 3698 2955 canonicis

921 2997 1160 3065 ibidem
1191 2996 1396 3080 [Deo]
1428 2994 1839 3061 servientibus
1872 3033 1885 3046 ·
1916 2994 1986 3060 in
2012 2995 2130 3061 hec
2160 2994 2365 3062 verba.

1054 3100 1366 3169 Henricus
1390 3100 1514 3167 Dei
1542 3100 1750 3189 gracia
1772 3102 1916 3167 Rex
1939 3101 2176 3190 Anglie
2215 3114 2281 3168 et
2308 3102 2444 3167 dux
2459 3100 2850 3167 ⁴Normannie
2878 3115 2944 3167 et
2971 3100 3359 3187 Aquitannie
3390 3116 3453 3166 et
3491 3120 3699 3166 comes

929 3204 1303 3295 Andegavie
1338 3242 1350 3256 ·
1381 3203 1888 3293 Archiepiscopis
1916 3204 2221 3293 episcopis
2266 3206 2594 3273 abbatibus
2623 3206 2955 3272 comitibus
2982 3206 3317 3274 baronibus
3340 3206 3699 3295 justiciariis

929 3310 1399 3377 vicecomitibus
1427 3324 1491 3376 et
1520 3310 1808 3378 omnibus
1837 3308 2134 3377 ministris
2172 3326 2237 3377 et
2264 3312 2554 3378 fidelibus
2593 3312 2718 3378 suis
2748 3311 3027 3379 Franciis
3054 3312 3345 3401 Anglicis
3374 3327 3439 3379 et
3467 3313 3697 3378 Hiber-

927 3418 1246 3484 niensibus
1267 3417 1544 3484 salutem.
1602 3417 1826 3485 Sciatis
1853 3443 1954 3485 me
1973 3419 2214 3486 dedisse
2243 3434 2307 3486 et
2326 3418 2693 3486 concessisse
2722 3438 2788 3485 et
2804 3419 2924 3485 hac
2952 3433 3121 3485 carta
3148 3422 3285 3486 mea
3312 3418 3701 3485 confirmasse

931 3522 1188 3589 ecclesie
1218 3523 1522 3589 Omnium
1556 3524 1926 3591 Sanctorum
1953 3524 2023 3591 in
2044 3522 2330 3594 orientali
2368 3544 2541 3617 parte
2573 3527 2817 3595 Dublin
2854 3540 2920 3593 et
2954 3526 3265 3594 canonicis
3294 3527 3531 3594 ibidem
3560 3528 3700 3593 Deo

930 3629 1341 3696 servientibus
1385 3629 1498 3695 has
1546 3644 1738 3696 terras
1783 3631 2019 3697 scilicet
2048 3670 2062 3684 ·
2096 3632 2599 3721 Balencongalan
2642 3671 2655 3684 ·
2690 3632 2971 3697 Kanturc
3000 3668 3017 3684 ·
3050 3632 3423 3699 Duncarnac
3464 3672 3477 3684 ·
3518 3633 3700 3698 Bale-

935 3735 1194 3824 dubgall
1224 3774 1237 3786 ·
1271 3735 1658 3824 Rubanagan
1681 3773 1696 3788 ·
1723 3735 2122 3803 Cnoclislann
2156 3775 2169 3788 ·
2203 3737 2564 3803 Kaldronan
2598 3776 2611 3789 ·
2643 3738 2711 3803 in
2740 3752 3105 3826 perpetuam
3134 3752 3198 3804 et
3225 3762 3445 3827 puram
3473 3738 3702 3805 elemo-

933 3842 1132 3907 sinam
1161 3866 1275 3930 pro
1303 3842 1500 3908 salute
1529 3842 1733 3909 anime
1763 3868 1899 3909 mee
1928 3859 1994 3909 et
2021 3858 2475 3911 antecessorum
2503 3869 2785 3911 meorum
2818 3883 2831 3895 ·
2872 3869 3018 3911 cum
3046 3844 3304 3910 decimis
3342 3858 3407 3911 et
3433 3844 3705 3929 antiquis

935 3947 1216 4014 terminis
1246 3959 1310 4013 et
1337 3947 1471 4012 aliis
1499 3946 1710 4013 liberis
1737 3948 2291 4014 consuetudinibus
2320 3948 2444 4014 suis
2470 3986 2483 4001 ·
2515 3949 2676 4016 sicut
2702 3948 2925 4015 melius
2954 3964 3096 4015 ante
3124 3949 3464 4015 adventum
3492 3973 3703 4015 meum

935 4056 1003 4122 in
1033 4055 1406 4122 Hiberniam
1434 4056 1672 4126 habuit.
1733 4056 1942 4137 Quare
1970 4058 2114 4123 volo
2143 4071 2209 4123 et
2230 4058 2489 4123 firmiter
2516 4058 2793 4147 precipio
2821 4058 2991 4145 quod
3012 4056 3353 4146 predictam
3382 4057 3705 4124 ecclesiam

910 4177 1002 4231 -et
1023 4164 1350 4231 canonicos
1371 4187 1511 4229 suos
1539 4176 1604 4229 et
1631 4187 1842 4229 omnes
1871 4186 1965 4228 res
1993 4176 2059 4229 et
2087 4176 2276 4229 terras
2304 4186 2443 4228 suas
2471 4162 2922 4229 manuteneatis
2942 4160 3300 4229 custodiatis
3327 4176 3393 4229 et
3420 4176 3703 4250 protega-

939 4268 1018 4335 tis
1051 4308 1064 4319 ·
1096 4266 1331 4332 nullam
1359 4266 1480 4333 sibi
1507 4266 1612 4333 vel
1632 4267 1815 4333 rebus
1843 4264 1969 4331 suis
1997 4265 2293 4352 injuriam
2321 4265 2425 4332 vel
2452 4266 2893 4333 contumeliam
2921 4267 3217 4333 facientes
3243 4290 3359 4333 nec
3390 4270 3466 4334 ab
3497 4268 3706 4354 aliquo

937 4374 1075 4442 fieri
1123 4373 1565 4462 permittentes.
1655 4374 1767 4440 Set
1815 4373 1867 4439 si
1912 4372 2051 4460 quis
2096 4373 2217 4441 sibi
2262 4373 2332 4439 in
2369 4373 2578 4461 aliquo
2614 4372 2960 4442 forefecerit
2995 4374 3337 4463 plenariam
3372 4373 3522 4440 inde
3572 4374 3705 4439 sine

3398 4480 3703 4547 dilacione
