4295 5410
2272 601 2353 672 18

932 786 1022 852 rei
1051 784 1472 850 testimonium
1518 782 1793 872 sigillum
1837 795 2116 849 nostrum
2155 783 2542 871 presentibus
2571 783 2869 850 duximus
2914 784 3370 872 apponendum.
3460 785 3697 853 Datum

931 891 1100 979 apud
1127 890 1465 979 Balikolyn
1492 891 1560 955 in
1587 890 1744 956 festo
1771 889 2113 956 nativitatis
2141 889 2339 956 sancti
2358 890 2404 955 J
2406 888 2666 955 ohannis
2693 890 2993 978 Baptiste.
3046 889 3240 956 Anno
3270 890 3531 956 Domini
3559 891 3700 956 mil-

932 997 1149 1064 lesimo
1177 1021 1302 1063 ccc.
1332 997 1642 1062 tricesimo
1673 1009 1909 1062 octavo.

1061 1104 1194 1170 Nos
1231 1119 1439 1171 autem
1477 1117 1670 1172 cartas
1707 1103 1934 1192 scripta
1970 1116 2034 1170 et
2060 1104 2269 1170 literas
2297 1104 2577 1192 predicta
2615 1104 2695 1169 ad
2722 1102 3197 1190 requisicionem
3224 1102 3427 1168 fratris
3456 1103 3703 1168 Thome

933 1235 1102 1276 nunc
1129 1210 1362 1276 Prioris
1407 1209 1663 1276 ecclesie
1692 1207 1996 1274 Omnium
2029 1207 2399 1275 Sanctorum
2444 1207 2794 1295 supradicte
2838 1219 3051 1272 tenore
3094 1207 3484 1294 presencium
3514 1207 3702 1272 duxi-

936 1341 1072 1382 mus
1108 1315 1644 1404 exemplificanda.
1731 1315 1811 1380 In
1847 1315 2026 1400 cujus
2061 1314 2154 1380 rei
2181 1313 2607 1380 testimonium
2634 1314 2746 1379 has
2773 1312 2981 1378 literas
3018 1326 3253 1377 nostras
3279 1313 3415 1378 fieri
3444 1313 3702 1378 fecimus

935 1435 1233 1512 patentes
1338 1422 1632 1489 Testibus
1671 1460 1684 1473 ·
1715 1421 1998 1488 Waltero
2053 1421 2114 1488 le
2164 1420 2633 1509 Bermyngham
2677 1419 3024 1507 justiciario
3081 1431 3288 1484 nostro
3346 1418 3653 1487 Hibernie
3686 1459 3698 1472 ·

935 1528 1104 1617 apud
1133 1528 1377 1594 Dublin
1405 1526 1594 1593 xxix.
1626 1527 1728 1593 die
1755 1529 1800 1594 J
1801 1527 1936 1592 unii
1965 1551 2128 1596 anno
2156 1527 2336 1616 regni
2362 1527 2557 1593 nostri
2584 1526 2824 1615 Anglie
2852 1525 3148 1591 vicesimo
3176 1526 3448 1592 secundo
3480 1564 3494 1577 ·
3526 1526 3701 1615 regni

935 1659 1082 1701 vero
1112 1635 1306 1700 nostri
1333 1633 1596 1700 Francie
1624 1655 1810 1698 non0.

1063 1741 1194 1806 Nos
1240 1753 1448 1806 autem
1490 1752 1768 1807 tenorem
1806 1737 2124 1804 literarum
2169 1738 2586 1827 predictarum
2633 1738 2713 1803 ad
2756 1736 3231 1823 requisicionem
3274 1760 3443 1804 nunc
3472 1737 3705 1803 Prioris

936 1845 1102 1912 dicte
1131 1845 1386 1912 ecclesie
1409 1845 1712 1912 Omnium
1746 1844 2114 1911 Sanctorum
2141 1844 2736 1932 exemplificandum
2765 1842 3063 1908 duximus
3090 1866 3203 1930 per
3230 1859 3559 1930 presentes.
3624 1843 3703 1907 In

936 1951 1114 2036 cujus
1151 1951 1242 2016 rei
1278 1951 1704 2016 testimonium
1730 1950 1842 2015 has
1870 1949 2078 2017 literas
2115 1963 2351 2016 nostras
2380 1950 2515 2015 fieri
2544 1949 2801 2015 fecimus
2828 1961 3126 2037 patentes.
3214 1949 3404 2015 Teste
3440 1973 3543 2016 me
3569 1949 3704 2038 ipso

938 2059 1107 2146 apud
1134 2058 1756 2124 westmonasterium
1788 2096 1802 2109 ·
1834 2057 2299 2144 quartodecimo
2328 2058 2431 2124 die
2460 2056 2785 2124 Februarii
2824 2080 2986 2121 anno
3026 2055 3206 2144 regni
3242 2057 3439 2122 nostri
3466 2058 3703 2145 Anglie

937 2164 1234 2230 vicesimo
1263 2164 1456 2231 tercio
1487 2202 1500 2216 ·
1535 2164 1712 2253 regni
1740 2187 1889 2231 vero
1917 2165 2111 2230 nostri
2140 2164 2403 2231 Francie
2433 2164 2693 2231 decimo.

2270 2511 2367 2584 X.

937 2718 1228 2808 {aspasio
1261 2717 1646 2790 confirmatio
1680 2727 1737 2788 tt
1771 2716 2050 2807 gratiosa
2082 2716 2389 2791 mnmsto
2422 2719 2504 2789 an
2532 2716 2987 2808 imptttanuum
3021 2721 3131 2790 ὅτε.
3164 2715 3401 2790 homini
3432 2716 3703 2792 mitam(

939 2837 1211 2909 munti.

1115 3025 1369 3093 Icardus
1400 3022 1522 3089 Dei
1551 3023 1760 3111 gracia
1789 3022 1933 3088 Rex
1959 3023 2199 3113 Anglie
2242 3038 2307 3093 et
2336 3027 2598 3095 Francie
2626 3038 2692 3093 et
2719 3026 3009 3091 dominus
3038 3025 3347 3093 Hibernie
3392 3022 3704 3091 Omnibus

1158 3132 1238 3197 ad
1266 3152 1420 3216 quos
1448 3140 1761 3217 presentes
1789 3127 1966 3193 litere
1996 3132 2393 3217 pervenerint
2420 3132 2701 3199 salutem.
2789 3131 3187 3219 Inspeximus
3208 3144 3437 3198 cartam
3468 3131 3705 3196 domini

940 3234 1204 3302 Henrici
1232 3233 1548 3320 quondam
1578 3231 1772 3320 Regis
1800 3231 2039 3320 Anglie
2067 3234 2479 3322 progenitoris
2507 3234 2703 3300 nostri
2730 3234 2987 3301 ecclesie
3010 3236 3314 3301 Omnium
3339 3234 3705 3302 Sanctorum

939 3344 1008 3408 in
1053 3341 1336 3409 orientali
1363 3352 1536 3430 parte
1565 3338 1811 3407 Dublin
1852 3353 1918 3407 et
1959 3342 2271 3408 canonicis
2306 3342 2545 3410 ibidem
2574 3343 2713 3409 Deo
2756 3342 3165 3410 servientibus
3191 3341 3415 3409 factam
3450 3381 3461 3392 ·
3492 3342 3561 3407 in
3587 3342 3705 3408 hec

945 3453 1150 3517 verba.

1070 3558 1381 3624 Henricus
1411 3555 1534 3622 Dei
1563 3555 1773 3644 gracia
1801 3554 1946 3621 Rex
1972 3555 2212 3644 Anglie
2241 3569 2307 3623 et
2334 3557 2470 3621 dux
2493 3553 2877 3621 Normannie
2906 3565 2972 3619 et
2991 3550 3382 3640 Aquitannie
3410 3564 3474 3617 et
3500 3574 3706 3615 comes

943 3663 1316 3753 Andegavie
1349 3700 1362 3713 ·
1393 3661 1899 3750 Archiepiscopis
1928 3662 2234 3752 episcopis
2272 3662 2599 3729 abbatibus
2636 3660 2968 3727 comitibus
2994 3659 3329 3726 baronibus
3348 3655 3707 3743 justiciariis

946 3768 1412 3837 vicecomitibus
1440 3780 1505 3833 et
1533 3766 1820 3831 omnibus
1855 3765 2152 3831 ministris
2190 3781 2256 3833 et
2281 3767 2571 3835 fidelibus
2608 3767 2734 3833 suis
2762 3766 3041 3833 Franciis
3066 3766 3355 3855 Anglicis
3384 3779 3449 3831 ct
3476 3763 3706 3830 Hiber-

947 3875 1264 3943 niensibus
1300 3872 1580 3938 salutem.
1670 3868 1892 3936 Sciatis
1919 3893 2020 3935 me
2050 3871 2291 3939 dedisse
2320 3884 2385 3938 et
2412 3872 2849 3958 concess[iss]e
2878 3886 2944 3937 et
2969 3873 3087 3937 bac
3124 3895 3264 3937 mea
3290 3884 3459 3939 carta
3486 3868 3707 3935 confir-

947 4004 1142 4049 masse
1173 3977 1427 4046 ecclesie
1444 3976 1752 4044 Omnium
1771 3976 2139 4043 Sanctorum
2157 3980 2225 4044 in
2255 3979 2540 4046 orientali
2568 3993 2742 4067 parte
2770 3977 3014 4045 Dublin
3042 3992 3107 4045 et
3134 3976 3445 4044 canonicis
3471 3975 3709 4041 ibidem

949 4087 1086 4153 Deo
1123 4081 1533 4151 servientibus
1547 4081 1658 4146 has
1685 4093 1876 4147 terras
1905 4080 2175 4147 scilicet·
2202 4081 2703 4171 Balencongalan
2724 4120 2737 4133 ·
2759 4083 3041 4149 Kanturc
3062 4120 3076 4134 ·
3096 4081 3469 4147 Duncarnac
3490 4118 3502 4129 ·
3524 4078 3705 4144 Bale-

951 4190 1210 4281 dubgall
1242 4229 1254 4241 ·
1287 4190 1674 4276 Rubanagan
1706 4226 1719 4239 ·
1745 4188 2143 4256 Cnoclislann
2176 4229 2189 4242 ·
2223 4191 2585 4257 Kaldronan
2618 4230 2631 4243 ·
2662 4192 3114 4279 imperpetuam
3140 4202 3206 4255 et
3231 4210 3452 4278 puram
3478 4186 3706 4253 elemo-

953 4299 1149 4363 sinam
1177 4318 1289 4385 pro
1326 4294 1522 4360 salute
1559 4292 1763 4359 anime
1804 4318 1944 4361 mee
1989 4308 2056 4362 et
2081 4309 2536 4363 antecessorum
2571 4320 2854 4364 meorum
2892 4320 3037 4363 cum
3065 4294 3321 4361 decimis
3348 4306 3413 4359 et
3440 4292 3709 4379 antiquis

937 4385 1233 4467 ‘terminis
1253 4412 1320 4465 et
1339 4396 1474 4465 aliis
1491 4395 1700 4464 liberis
1721 4398 2273 4467 consuetudinibus
2294 4400 2420 4467 suis
2441 4439 2453 4452 ·
2474 4400 2635 4467 sicut
2648 4400 2871 4468 melius
2892 4412 3035 4468 ante
3056 4400 3393 4467 adventum
3416 4421 3627 4463 meum
3642 4398 3711 4462 in

3399 4504 3707 4570 Hibernia
