4295 5410
2239 581 2328 650 82

883 763 1198 861 fructuum
1221 773 1641 850 proventuum
1668 761 2001 849 garbarum
2031 759 2415 826 decimarum
2453 762 2849 828 oblacionum
2886 776 3187 832 terrarum
3236 769 3674 858 alteragiorum

889 882 1234 934 ceterarum
1272 864 1740 953 contigencium
1777 876 1842 929 et
1883 865 2405 931 concernencium
2434 868 2747 935 antedicte
2777 870 3034 937 ecclesie
3068 872 3281 939 Sancti
3304 874 3566 939 Martini
3596 877 3675 941 de

885 973 1286 1039 Rathmakne
1304 971 1360 1035 F
1361 969 1636 1037 emensis
1659 968 1972 1035 dioceseos
1994 1006 2008 1020 ·
2027 969 2193 1034 Item
2211 968 2433 1035 dicunt
2461 970 2631 1056 quod
2659 971 2927 1037 vicarius
2948 974 3185 1040 ibidem
3214 976 3497 1065 legitime
3524 1002 3674 1043 exa-

883 1081 1156 1145 minatus
1201 1092 1267 1144 et
1294 1089 1680 1166 presentatus
1709 1099 1821 1163 per
1865 1075 2116 1140 eosdem
2154 1088 2445 1163 patronos
2473 1076 2663 1142 habet
2692 1077 2876 1143 aliam
2906 1080 3361 1148 dimidietatem
3392 1085 3673 1149 omnium

884 1187 1324 1274 premissorum
1367 1197 1440 1248 ut
1467 1183 1728 1248 honeste
1757 1181 1988 1269 poterit
2015 1196 2357 1248 sustentare
2387 1207 2669 1271 reparare
2712 1200 3074 1274 supportare
3104 1190 3413 1257 deservire
3456 1193 3672 1257 minis-

885 1307 1046 1359 trare
1068 1292 1214 1378 jura
1240 1292 1477 1355 honera
1507 1288 1818 1353 ordinaria
1846 1287 2084 1353 solvere
2113 1287 2601 1376 hospitalitatem
2630 1304 2841 1358 tenere
2867 1331 2880 1344 ·
2901 1294 3065 1360 Item
3082 1295 3305 1362 dicunt
3332 1299 3503 1383 quod
3532 1322 3671 1386 pre-

883 1414 1157 1466 sentatus
1186 1422 1314 1463 non
1343 1412 1436 1464 est
1456 1398 1713 1462 honeste
1742 1396 2156 1461 condictionis
2183 1397 2314 1463 vite
2346 1410 2456 1463 aut
2483 1402 2977 1467 conversacionis
3007 1416 3101 1469 set
3126 1404 3391 1470 irrititus
3410 1406 3670 1471 diversis

884 1506 1252 1571 criminibus
1291 1503 1652 1589 eloqueatus
1681 1526 1790 1567 seu
1821 1526 2127 1589 asspersus
2162 1541 2175 1554 ·
2207 1503 2373 1569 Item
2401 1504 2623 1571 dicunt
2648 1508 2821 1592 quod
2848 1524 3235 1596 presentatus
3264 1536 3513 1598 quoque
3542 1537 3669 1577 non

882 1629 975 1677 est
1003 1613 1264 1676 idoneus
1293 1610 1361 1673 in
1391 1607 1656 1675 sciencia
1685 1620 1796 1672 aut
1821 1608 2099 1673 moribus
2138 1623 2233 1673 set
2259 1610 2548 1675 remissus
2591 1612 2671 1676 ad
2699 1613 3060 1699 hujusmodi
3090 1640 3303 1682 curam
3342 1632 3407 1683 et
3432 1618 3666 1684 benefi-

880 1719 1050 1782 cium
1073 1715 1418 1805 gerendum
1441 1753 1454 1765 ·
1474 1715 1638 1779 Item
1656 1713 1879 1779 dicunt
1901 1714 2072 1799 quod
2093 1729 2480 1802 presentatus
2509 1731 2602 1783 est
2622 1720 2907 1806 perjurus
2937 1721 3087 1806 quia
3098 1723 3341 1808 juravit
3362 1723 3667 1789 archidia-

878 1848 1036 1889 cono
1077 1822 1200 1887 loci
1237 1821 1347 1907 qui
1383 1820 1574 1886 habet
1601 1818 1709 1904 jus
1748 1818 2154 1884 examinandi
2195 1820 2569 1885 ordinandos
2608 1822 2838 1888 scolam
2876 1848 3168 1891 exercere
3204 1828 3665 1915 gramaticalem

875 1955 989 2019 per
1024 1930 1363 1996 triennium
1409 1927 1706 1993 continue
1753 1940 2083 2013 postquam
2133 1926 2419 1993 ordinem
2466 1930 2905 1995 sacerdotalem
2950 1933 3283 2020 recepisset
3329 1934 3499 2019 quod
3536 1958 3663 1999 non

877 2036 1164 2125 implevit
1191 2036 1279 2101 sic
1307 2048 1550 2101 reatum
1578 2032 1838 2122 perjurii
1865 2032 2243 2098 incurrendo
2276 2071 2290 2086 ·
2322 2033 2484 2100 Item
2516 2034 2737 2101 dicunt
2766 2037 2935 2121 quod
2980 2062 3091 2103 sua
3134 2039 3319 2127 culpa
3366 2042 3665 2129 exigente

873 2146 994 2210 fuit
1021 2168 1134 2233 per
1162 2143 1544 2209 ordinarium
1591 2164 1774 2206 suum
1820 2164 2209 2227 susspenssus
2237 2140 2306 2205 in
2345 2165 2471 2226 qua
2516 2142 3018 2229 susspencionem
3048 2143 3302 2208 miscuit
3334 2168 3399 2209 se
3430 2144 3662 2209 divinis

873 2252 1042 2316 unde
1070 2250 1334 2316 incurrit
1361 2262 1574 2313 notam
1603 2247 2062 2335 irrigularitatis
2091 2260 2157 2313 et
2186 2247 2274 2312 sic
2302 2248 2570 2314 efficitur
2597 2248 2941 2336 irrigularis
2975 2288 2987 2300 ·
3019 2249 3183 2315 Item
3213 2249 3435 2315 dicunt
3463 2250 3661 2315 eciam

871 2358 1042 2443 quod
1071 2358 1238 2423 dicta
1283 2355 1518 2421 vicaria
1562 2355 1811 2421 racione
1839 2354 2325 2442 presentacionis
2363 2356 2571 2421 minus
2599 2356 2813 2421 idonei
2852 2380 2965 2443 per
2993 2370 3325 2444 patronum
3362 2356 3659 2421 clericum

862 2470 1004 2554 jure
1035 2465 1462 2533 devolucionis
1491 2464 1572 2530 ad
1601 2463 2005 2529 collacionem
2047 2462 2423 2527 ordinariam
2451 2463 2570 2529 hac
2608 2464 2747 2529 vice
2784 2477 3023 2551 spectat
3051 2463 3283 2529 vicaria
3312 2477 3376 2528 et
3404 2464 3493 2529 sic
3522 2488 3657 2527 ves-

869 2589 1026 2639 tram
1066 2573 1434 2661 prelibatam
1479 2569 1820 2636 reverendo
1859 2568 2297 2656 paternitatem
2326 2592 2438 2655 per
2464 2569 2578 2634 has
2605 2568 2813 2635 literas
2859 2582 3095 2634 nostras
3124 2583 3405 2656 patentes
3450 2568 3655 2656 sigillo

867 2697 1076 2747 nostro
1107 2680 1188 2747 ad
1217 2678 1494 2745 officium
1521 2676 1746 2742 usitate
1776 2675 1961 2764 plene
1989 2675 2419 2742 certificamuS.
2478 2674 2718 2742 Datum
2746 2675 2816 2740 in
2844 2675 3105 2742 ecclesia
3126 2674 3339 2741 Sancti
3362 2674 3653 2740 Nicholai

868 2791 946 2854 de
965 2788 1232 2855 Clomen
1261 2784 1534 2851 secundo
1556 2783 1659 2848 die
1681 2782 1725 2847 J
1726 2782 1862 2847 unii
1892 2807 2055 2848 anno
2079 2782 2320 2846 domini
2350 2781 2709 2847 millessimo
2740 2783 3337 2870 quadragintessimo
3366 2806 3652 2869 sexages-

864 2897 1022 2961 simo
1045 2935 1056 2945 ·
1079 2894 1225 2959 Hiis
1247 2893 1508 2959 testibus
1540 2931 1553 2942 ·
1585 2891 1896 2980 magistris
1924 2891 1968 2956 J
1969 2890 2217 2956 ohanne
2248 2891 2401 2956 Laff
2412 2928 2423 2941 ·
2447 2890 2697 2956 Thoma
2726 2890 2936 2956 Faroll
2968 2929 2979 2940 ·
3012 2891 3056 2956 J
3058 2890 3302 2955 ohanne
3332 2889 3611 2955 Deveros
3640 2927 3651 2938 ·

864 3003 906 3066 J
910 3003 1154 3067 ohanne
1186 2999 1465 3087 Forlong
1498 3037 1510 3050 ·
1546 2999 1796 3063 Thoma
1824 2997 2061 3086 Young
2089 2999 2346 3063 notariis
2375 2999 2702 3086 Pubplicis
2731 3011 2796 3064 et
2822 2998 3037 3064 multis
3068 2997 3220 3063 aliis.

1742 3553 1887 3652 [me
1919 3555 2216 3629 waimis
2252 3555 2319 3628 ίιι
2354 3554 2412 3627 It
2445 3551 2758 3651 stagna]

994 3745 1289 3810 Ohannes
1298 3744 1540 3830 Alleyn
1563 3743 1841 3809 officialis
1863 3744 2225 3832 principalis
2244 3743 2434 3810 Curie
2455 3744 2909 3831 metropolitice
2929 3743 3170 3808 Dublin
3191 3740 3433 3807 dilectis
3462 3741 3643 3806 nobis

1037 3852 1104 3915 in
1144 3850 1395 3916 Christo
1433 3850 1669 3914 decano
1701 3849 2190 3916 Christianitatis
2236 3850 2507 3915 civitatis
2538 3848 2784 3916 Dublin
2827 3849 3161 3938 capellanis
3206 3848 3643 3936 parochiarum

856 3971 1208 4022 sanctorum
1230 3954 1274 4019 J
1275 3953 1538 4018 ohannis
1567 3953 1972 4040 Evangeliste
2003 3953 2192 4018 Olavi
2221 3953 2521 4018 Audoeni
2550 3966 2615 4018 et
2638 3954 2891 4020 Michee
2927 3954 3270 4040 ceterisque
3308 3955 3538 4020 curatis
3575 3971 3640 4021 et

855 4086 984 4126 non
1013 4057 1240 4125 curatis
1277 4081 1389 4144 per
1431 4057 1752 4123 civitatem
1781 4071 1846 4123 et
1874 4057 2170 4123 diocesim
2201 4057 2657 4124 Dublinensem
2681 4059 2949 4125 ubilibet
2977 4059 3327 4125 constitutis
3356 4059 3637 4127 salutem.

857 4167 1026 4246 Quia
1047 4151 1052 4154 ¹
1070 4188 1182 4228 nos
1212 4163 1452 4228 dudum
1479 4164 1549 4227 in
1579 4165 1847 4250 quadam
1891 4189 2076 4230 causa
2119 4189 2231 4230 seu
2275 4165 2473 4230 causis
2520 4165 2914 4252 possessionis
2959 4180 3024 4230 et
3060 4165 3221 4251 juris
3248 4167 3637 4254 percipiendi

857 4272 1128 4338 decimas
1156 4283 1404 4358 pasture
1448 4285 1670 4336 vocate
1707 4271 1767 4336 le
1803 4271 2000 4359 Steyn
2041 4295 2276 4368 magna
2295 4271 2487 4357 juxta
2516 4270 2763 4336 Dublin
2812 4295 2884 4338 ac
2923 4271 3316 4358 spoliacionis
3354 4273 3637 4359 ejusdem

853 4380 1018 4444 inter
1043 4377 1294 4444 fratrem
1323 4375 1720 4442 Willelmum
1754 4376 2036 4442 Stewnot
2065 4377 2347 4444 Priorem
2377 4392 2563 4465 atque
2593 4393 2975 4446 conventum
3004 4381 3225 4447 domus
3254 4383 3636 4471 ecclesieque

3268 4490 3637 4575 parochialis
