4295 5410
1921 626 2082 699 xliii

613 808 764 874 ville
793 808 872 874 de
906 806 1225 895 Balldoyll
1253 832 1370 873 ove
1397 807 1492 873 lez
1533 822 2066 896 appurtenaunces
2093 834 2175 876 en
2210 808 2271 877 le
2310 824 2539 877 counte
2567 811 2647 877 de
2687 811 2970 901 Dyvelin
2999 836 3121 899 que
3151 810 3259 876 lou
3286 811 3383 876 lez

611 926 902 981 tenaunts
932 928 996 979 et
1023 913 1448 979 inhabitaunts
1476 915 1562 979 du
1593 914 1689 979 dit
1717 914 1842 981 vile
1887 930 2072 981 sount
2118 915 2197 983 de
2236 917 2386 1001 jour
2413 942 2493 983 en
2524 917 2722 983 aultre
2750 941 2949 983 vexez
2993 932 3057 983 et
3099 917 3379 983 troublez

611 1036 676 1087 et
701 1034 1144 1110 grevousment
1171 1020 1330 1086 lesez
1358 1045 1440 1086 en
1467 1020 1555 1085 les
1583 1020 1762 1086 biens
1790 1044 1902 1108 per
1929 1020 2024 1087 lez
2053 1020 2411 1085 admirallez
2439 1020 2526 1085 du
2554 1044 2669 1107 roy
2698 1021 2779 1085 de
2816 1036 2974 1087 terre
3004 1021 3275 1087 Dirland
3315 1034 3379 1087 et

609 1127 776 1194 leurs
827 1127 1184 1213 deputatees
1229 1145 1343 1213 per
1380 1125 1594 1191 colour
1634 1126 1722 1191 du
1773 1126 1878 1213 ley
1918 1126 1998 1191 de
2049 1126 2251 1191 Ulron
2298 1126 2695 1214 appellauntz
2740 1148 2871 1190 eux
2916 1150 2980 1191 as
3028 1126 3377 1192 inordinate

610 1234 1078 1301 emerciaments
1106 1246 1170 1300 et
1194 1233 1472 1299 fesauntz
1502 1234 1640 1299 leve
1678 1234 1766 1299 du
1805 1257 2038 1299 mesme
2081 1233 2387 1299 contrarie
2417 1257 2454 1298 a
2480 1246 2623 1298 tout
2662 1234 2765 1321 ley
2794 1246 2859 1299 et
2894 1234 3253 1299 conscience
3298 1256 3379 1297 au

609 1340 855 1429 graund
909 1340 1106 1405 lesion
1159 1339 1272 1404 dez
1319 1339 1450 1405 ditz
1517 1339 1744 1405 Priour
1792 1354 1856 1405 et
1909 1340 2205 1405 Couvent
2244 1354 2307 1404 et
2350 1339 2559 1404 finalle
2604 1352 3035 1405 anentesmant
3074 1339 3189 1403 dez
3246 1338 3375 1403 ditz

609 1460 900 1513 tenaunts
927 1461 992 1513 et
1017 1447 1400 1514 inhabitants
1427 1472 1502 1536 sy
1528 1473 1610 1514 ne
1639 1448 1760 1513 soit
1801 1447 2076 1514 remedie
2111 1447 2272 1512 Sour
2308 1470 2431 1533 que
2475 1447 2571 1513 lez
2612 1446 2943 1534 premissez
2986 1445 3381 1511 tendrement

608 1552 962 1619 considerez
991 1552 1208 1618 ordine
1237 1566 1330 1619 est
1357 1578 1469 1641 per
1498 1553 1824 1619 auctoritie
1853 1553 2050 1619 dicest
2091 1568 2343 1640 present
2380 1552 2753 1641 parliament
2780 1576 2901 1638 que
2932 1552 2991 1617 le
3024 1550 3121 1616 dit
3150 1551 3376 1615 Priour

611 1674 674 1727 et
701 1682 802 1727 sez
831 1684 1205 1727 successores
1236 1662 1450 1728 desore
1479 1686 1560 1727 en
1589 1678 1824 1729 avaunt
1849 1662 2016 1727 soint
2032 1661 2388 1727 admirallez
2418 1661 2505 1725 du
2538 1660 2635 1725 dit
2660 1660 2789 1725 vile
2818 1684 2935 1725 ove
2963 1659 3058 1725 lez
3086 1672 3377 1746 appurte-

609 1791 844 1833 nauncs
872 1781 936 1834 et
963 1768 1044 1833 de
1073 1782 1244 1833 toutz
1275 1769 1502 1835 aultres
1547 1794 1650 1835 sez
1697 1784 1886 1835 terres
1915 1769 2092 1835 deins
2129 1768 2193 1834 la
2218 1782 2381 1835 terre
2412 1766 2683 1832 Dirland
2726 1780 2793 1831 et
2830 1766 3035 1831 loffice
3065 1767 3155 1831 du
3182 1765 3375 1830 admi-

609 1873 762 1939 ralte
791 1872 852 1937 la
880 1871 1072 1939 daver
1097 1872 1378 1938 exercier
1415 1886 1482 1939 et
1523 1873 1764 1959 enjoier
1805 1897 1918 1960 per
1959 1896 2089 1938 eux
2130 1896 2401 1937 mesmez
2430 1896 2517 1938 ou
2561 1872 2703 1937 lour
2738 1871 2981 1957 assigne
3022 1896 3105 1938 ou
3144 1872 3377 1959 depute

609 2002 796 2043 saunz
844 2000 1036 2043 ascun
1089 1980 1530 2067 empechment
1577 2004 1662 2046 ou
1717 1981 2132 2068 impediment
2184 1980 2587 2047 molestacion
2645 2004 2729 2045 ou
2772 2002 3125 2068 grevaunce
3174 1993 3379 2045 nostre

609 2085 891 2150 soverain
936 2085 1102 2151 sieur
1148 2087 1208 2152 le
1250 2110 1364 2175 roy
1401 2112 1500 2153 sez
1543 2089 1746 2154 heires
1785 2112 2169 2155 successours
2198 2088 2463 2153 officiers
2492 2112 2575 2153 ou
2616 2088 2935 2153 ministrez
2974 2111 3377 2176 quyconques

609 2214 690 2255 en
717 2202 920 2279 temps
949 2192 1166 2257 avenir
1193 2204 1258 2257 et
1285 2216 1408 2278 que
1435 2194 1608 2259 nulle
1639 2194 1836 2259 aultre
1867 2194 2153 2259 admirall
2196 2194 2285 2259 du
2311 2217 2428 2281 roy
2458 2216 2539 2259 ne
2567 2217 2678 2258 son
2710 2193 2943 2281 depute
2972 2218 3054 2259 ou
3085 2194 3379 2282 deputees

607 2310 846 2362 vexent
871 2321 952 2362 ne
981 2298 1298 2365 troublent
1325 2323 1514 2366 ascun
1543 2300 1622 2367 de
1651 2324 1750 2366 sez
1780 2301 1908 2366 ditz
1937 2316 2227 2367 tenaunts
2256 2325 2339 2366 ou
2359 2300 2741 2367 inhabitants
2768 2326 2880 2389 per
2900 2302 3105 2367 virtue
3137 2303 3215 2367 de
3242 2302 3383 2367 lour

609 2403 788 2469 office
815 2426 896 2469 en
923 2416 1128 2491 temps
1155 2405 1371 2470 avenir
1399 2420 1466 2470 et
1491 2406 1597 2471 sils
1625 2430 1710 2472 ou
1739 2430 1927 2473 ascun
1955 2408 2036 2472 de
2065 2408 2218 2473 eulx
2255 2407 2487 2473 facient
2524 2407 2585 2473 le
2614 2408 2921 2473 contrarie
2951 2431 3073 2494 que
3102 2408 3155 2473 si
3200 2423 3381 2474 taunt

610 2510 694 2574 du
717 2510 866 2575 foitz
896 2533 1074 2575 come
1101 2510 1178 2574 ils
1209 2534 1292 2575 ou
1321 2535 1510 2577 ascun
1541 2512 1620 2577 de
1650 2512 1804 2577 eulx
1833 2537 1988 2601 ensy
2016 2514 2225 2578 facerit
2253 2512 2331 2579 de
2360 2512 2609 2578 forfetre
2648 2536 2713 2577 x.
2743 2512 2811 2577 li.
2834 2514 2896 2577 la
2935 2514 3129 2579 moite
3158 2538 3237 2579 au
3264 2539 3380 2602 roy

609 2628 674 2681 et
703 2615 766 2680 la
792 2614 1008 2681 moitie
1039 2615 1100 2679 al
1127 2617 1325 2703 partie
1361 2642 1552 2705 greve
1599 2656 1616 2673 ·
1662 2620 2128 2707 Quemquidem
2160 2634 2369 2685 actum
2408 2620 2539 2685 sive
2568 2619 3031 2685 ordinacionem
3061 2620 3139 2685 ad
3176 2620 3381 2705 requi-

607 2723 902 2792 sicionem
933 2724 1198 2811 predicti
1229 2726 1464 2791 Prioris
1491 2725 1792 2793 duximus
1820 2727 2419 2816 exemplificandum
2465 2765 2482 2781 ·
2527 2727 2607 2792 In
2635 2728 2815 2812 cujus
2836 2727 2926 2794 rei
2956 2726 3379 2792 testimonium

606 2829 718 2894 has
745 2829 980 2894 litteras
1007 2844 1244 2895 nostras
1271 2830 1406 2896 fieri
1434 2833 1694 2898 fecimus
1728 2846 2024 2921 patentes.
2114 2833 2303 2898 Teste
2330 2832 2571 2921 prefato
2589 2830 2938 2918 justiciario
2967 2833 3135 2920 apud
3160 2832 3383 2898 Conall

608 2938 1076 3024 quintodecimo
1127 2939 1230 3005 die
1280 2939 1664 3028 Septembris
1713 2965 1878 3008 anno
1928 2943 2108 3030 regni
2154 2940 2349 3006 nostri
2407 2941 2653 3006 decimo
2708 2939 3383 3004 octava—Reme

609 3046 800 3122 Book,
834 3070 895 3133 p.
937 3069 958 3111 1
973 3067 1010 3111 2
1015 3068 1050 3132 ς
1063 3093 1078 3110 .

1920 3223 2056 3296 IV.

1382 3406 1706 3507 [Kusprrin
1739 3409 2135 3484 {intratum
2170 3401 2611 3504 {flammant}

815 3577 1082 3643 Enricus
1128 3576 1232 3644 dei
1274 3577 1483 3665 gracia
1509 3601 1627 3643 rex
1657 3579 1896 3666 Anglie
1942 3591 2007 3644 et
2034 3577 2299 3642 Francie
2344 3589 2410 3642 et
2437 3574 2727 3640 dominus
2755 3573 3063 3639 Hibernie
3092 3571 3381 3637 omnibus

895 3683 977 3748 ad
1044 3707 1200 3768 quos
1252 3697 1567 3771 presentes
1617 3684 1823 3750 littere
1875 3683 2277 3771 pervenerint
2316 3681 2578 3748 salutem
2624 3681 3023 3768 Inspeximus
3080 3677 3377 3764 quasdam

605 3790 840 3856 litteras
868 3805 1149 3878 patentes
1179 3788 1482 3876 separales
1513 3788 1752 3853 domini
1783 3787 2082 3853 Edwardi
2113 3785 2318 3874 quarti
2348 3809 2550 3874 nuper
2583 3785 2747 3873 regis
2779 3785 3011 3873 Anglie
3055 3784 3379 3870 predeces-

607 3895 758 3960 soris
786 3897 979 3960 nostri
1025 3897 1094 3960 in
1145 3895 1262 3961 hec
1305 3896 1496 3960 verba
1540 3895 1890 3960 Edwardus
1920 3895 2022 3959 dei
2051 3894 2261 3982 gracia
2286 3917 2402 3958 rex
2431 3891 2669 3980 Anglie
2696 3904 2763 3957 et
2790 3891 3053 3955 Francie
3083 3904 3148 3954 et
3176 3887 3375 3952 domi-

605 4023 724 4066 nus
751 4000 1056 4066 Hibernie
1080 4000 1370 4066 omnibus
1393 4000 1473 4064 ad
1495 4023 1650 4085 quos
1670 4013 1984 4087 presentes
2012 4000 2217 4065 littere
2248 3999 2649 4087 pervenerint
2669 3999 2930 4062 salutem
2976 3993 3375 4082 Inspeximus

607 4107 917 4192 quendam
936 4121 1144 4172 actum
1162 4106 1292 4170 sive
1312 4105 1775 4171 ordinacionem
1793 4105 1861 4170 in
1883 4106 2293 4194 parliamento
2314 4119 2525 4170 nostro
2549 4105 2715 4192 apud
2734 4103 2975 4168 Dublin
2994 4101 3096 4167 die
3107 4100 3377 4166 Veneris

607 4211 897 4297 proximo
925 4223 1064 4298 post
1093 4211 1318 4275 festum
1353 4210 1579 4276 Sancte
1612 4209 1911 4274 Katerine
1943 4209 2205 4297 virginis
2238 4208 2464 4274 ultimo
2493 4208 2846 4296 predictum
2894 4205 3291 4295 [preteritum
3307 4203 3367 4292 Ρ]

607 4341 816 4382 coram
845 4316 1074 4382 dilecto
1105 4330 1169 4382 et
1197 4315 1368 4381 fideli
1399 4329 1610 4380 nostro
1635 4317 1884 4380 Thoma
1913 4315 2056 4381 Fitz
2088 4315 2333 4380 Morice
2363 4312 2591 4380 comite
2615 4314 2875 4378 Kildare
2904 4311 2985 4377 ad
3013 4324 3165 4376 tunc
3184 4309 3371 4395 justi·

606 4423 797 4490 ciario
825 4437 1034 4487 nostro
1065 4436 1222 4488 terre
1247 4435 1454 4486 nostre
1485 4419 1793 4486 Hibernie
1823 4434 1998 4486 tento
2027 4435 2092 4486 et
2113 4420 2351 4486 ibidem
2378 4443 2576 4506 usque
2606 4419 2774 4485 diem
2806 4419 2987 4482 Lune
3016 4417 3379 4504 proximum

603 4546 744 4622 post
771 4530 994 4596 festum
1021 4529 1235 4596 Sancti
1270 4529 1486 4595 David
1515 4528 1792 4617 episcopi
1816 4529 1896 4593 ad
1924 4542 2077 4594 tunc
2108 4527 2397 4616 proxime
2427 4549 2689 4612 sequens
2718 4535 3051 4612 prorogato
3080 4535 3145 4586 et
3174 4519 3375 4584 conti·

1867 4661 1910 4724 g
1958 4657 1994 4702 2
2141 4651 2149 4660 '
3192 4640 3382 4690 nuato
