4295 5410
1910 665 2002 737 59

565 820 716 886 inde
745 822 980 887 habent
1010 860 1023 873 ·
1055 822 1338 888 faciendo
1367 823 1516 889 inde
1543 822 1736 888 michi
1765 835 1829 889 et
1855 823 2190 889 heredibus
2228 822 2383 888 meis
2427 821 2759 889 servicium
2786 821 3157 888 forinsecum
3187 845 3332 887 cum

563 931 808 993 venerit
826 929 1018 1013 juxta
1047 929 1216 1015 quod
1244 930 1448 996 dictus
1478 930 1798 997 Gilbertus
1826 943 1890 996 et
1918 953 2293 996 successores
2322 930 2417 994 sui
2445 928 2645 996 facere
2672 939 3142 994 consueverunt.

695 1033 786 1097 Et
813 1033 982 1120 quod
1011 1034 1207 1120 quieti
1229 1035 1352 1099 sint
1373 1048 1436 1101 et
1457 1035 1718 1102 relaxati
1741 1035 1820 1100 (16
1843 1034 2279 1101 communibus
2299 1033 2481 1099 sectis
2508 1033 2679 1098 curie
2698 1055 2835 1098 mee
2858 1031 2935 1097 de
2960 1031 3333 1097 Castelcnok

559 1138 680 1202 nisi
707 1137 898 1205 fuerit
937 1165 1050 1228 per
1099 1141 1628 1208 efforciamentum
1679 1143 1850 1209 curie
1895 1143 2174 1230 predicte
2226 1155 2335 1208 aut
2378 1141 2549 1228 quod
2575 1140 2753 1206 litere
2790 1139 2961 1227 regie
2984 1139 3220 1206 fuerint
3260 1141 3331 1204 in

561 1245 782 1310 eadem
809 1247 984 1312 curia
1003 1248 1389 1316 terminande
1411 1263 1477 1316 61
1496 1262 1646 1315 16116
1667 1249 1736 1314 in
1765 1249 1982 1316 eadem
2005 1250 2179 1315 curia
2206 1248 2505 1315 accedant
2524 1259 2631 1313 aut
2652 1269 2763 1335 per
2790 1269 2855 1312 86
2883 1259 2991 1311 661
3010 1269 3121 1333 per
3139 1246 3328 1311 inter-

561 1349 826 1435 positam
855 1375 1178 1438 personam
1207 1365 1582 1420 attor-natum
1620 1378 1853 1420 eorum.
1941 1354 2066 1419 Pro
2095 1353 2213 1419 hac
2243 1367 2453 1419 autem
2480 1352 2871 1419 concessione
2908 1365 2973 1418 et
2999 1365 3163 1418 carte
3191 1376 3329 1419 mee

563 1455 1040 1525 confirmacione
1070 1459 1378 1526 dederunt
1403 1461 1598 1527 michi
1627 1461 1780 1526 dicti
1810 1460 1990 1526 Prior
2018 1473 2084 1526 et
2111 1471 2454 1526 conventus
2483 1459 2637 1525 duas
2664 1481 2899 1524 marcas
2926 1459 3182 1546 argenti.

693 1567 782 1632 Et
807 1581 881 1633 ut
908 1569 1025 1634 hec
1053 1593 1192 1634 mea
1219 1568 1530 1636 concessio
1567 1581 1632 1634 et
1660 1581 1825 1634 carte
1855 1566 2251 1634 confirmacio
2291 1566 2481 1632 robur
2510 1565 2821 1631 firmitatis
2851 1564 3129 1652 optineat
3156 1565 3327 1652 sigil-

569 1672 701 1736 lum
731 1696 940 1738 meum
968 1673 1118 1738 huic
1163 1673 1391 1762 scripto
1431 1672 1708 1760 apposui.
1797 1672 1943 1738 Hiis
1971 1671 2233 1737 testibus
2266 1709 2278 1722 ·
2311 1669 2580 1736 dominis
2609 1670 2885 1759 Hugone
2914 1670 2992 1734 de
3022 1668 3281 1734 Estham
3316 1709 3327 1720 ·

566 1777 891 1843 Willelmo
938 1779 1016 1843 de
1062 1778 1302 1866 Frenys
1334 1817 1348 1829 ·
1380 1778 1649 1844 Ricardo
1680 1777 1900 1865 Tyrell
1931 1816 1943 1828 ·
1968 1775 2294 1842 WiHelmo
2323 1775 2587 1841 Bostard
2619 1814 2632 1826 ·
2668 1775 2985 1862 Stephano
3025 1773 3105 1839 de
3134 1775 3328 1840 Enes-

567 1881 708 1947 well
740 1921 752 1933 ·
787 1883 1033 1972 Rogero
1070 1883 1150 1948 de
1183 1883 1545 1949 Mesintoun
1578 1922 1591 1934 ·
1623 1881 1949 1948 Willelmo
1983 1881 2061 1948 de
2091 1882 2260 1947 Rath
2290 1881 2541 1968 juniore
2578 1881 2800 1946 ·Petro
2830 1879 2911 1945 de
2941 1879 3147 1945 Culak
3173 1918 3185 1930 ·
3217 1880 3261 1945 J
3263 1904 3326 1944 o-

567 1986 772 2052 hanne
805 1987 882 2052 de
907 1988 1154 2054 Ardinc
1180 2026 1192 2038 ·
1219 1987 1488 2054 Ricardo
1520 1985 1810 2074 Smjaunt
1845 2027 1857 2038 ·
1885 1987 2220 2076 Radulpho
2258 1986 2389 2076 Sexj
2398 2000 2549 2054 aunt
2582 2025 2595 2038 ·
2629 1986 2965 2076 Radulpho
2996 1988 3074 2053 de
3104 1988 3330 2054 Sancta

571 2091 880 2158 Trinitate
906 2131 918 2143 ·
945 2093 1215 2159 Ricardo
1243 2092 1469 2158 clerico
1497 2104 1562 2158 et
1589 2091 1743 2157 61118.

1804 2351 2087 2424 LXIII.

1163 2539 1518 2614 &saturnia
1547 2543 1622 2612 112
1652 2551 1818 2615 setta
1851 2540 2010 2612 tutin
2040 2543 2111 2612 112
2147 2537 2572 2626 OEssttnkunn
2608 2542 2718 2610 ὃτι.

759 2731 1038 2799 Niversis
1067 2744 1276 2797 sancte
1304 2730 1516 2796 matris
1545 2730 1800 2796 ecclesie
1831 2730 1978 2795 filiis
2017 2729 2098 2794 ad
2127 2752 2281 2816 quos
2324 2740 2637 2815 presentes
2675 2727 2853 2793 litere
2882 2728 3278 2816 pervenerint
3310 2766 3323 2778 ·

803 2838 998 2927 Hugo
1047 2838 1266 2927 Tyrell
1303 2838 1470 2903 filius
1510 2836 1762 2902 Ricardi
1813 2835 2034 2924 Tyrell
2079 2836 2368 2901 dominus
2406 2836 2484 2902 de
2526 2834 2908 2902 Castrocnok
2954 2837 3213 2903 salutem
3258 2837 3326 2901 in

564 2943 842 3010 Domino
867 2984 880 2995 ·
908 2944 1072 3010 Cum
1101 2945 1426 3010 contencio
1463 2956 1632 3008 mota
1677 2955 1836 3009 esset
1861 2942 2026 3007 inter
2053 2966 2156 3008 me
2202 2966 2287 3007 ex
2330 2966 2458 3007 una
2484 2954 2658 3030 parte
2688 2954 2753 3007 et
2778 2942 3058 3007 Priorem
3086 2955 3151 3006 61
3178 2966 3323 3007 con-

563 3064 822 3117 ventum
852 3053 1072 3117 domus
1102 3052 1404 3118 Omnium
1430 3051 1797 3117 Sanctorum
1817 3051 2007 3136 juxta
2037 3049 2281 3116 Dublin
2309 3074 2394 3115 ex
2424 3050 2615 3115 altera
2641 3061 2815 3137 parte
2844 3072 3029 3137 super
3056 3048 3323 3134 quadam

561 3172 726 3225 secta
755 3159 924 3224 curie
953 3159 1146 3225 michi
1176 3173 1239 3225 et
1267 3159 1599 3225 heredibus
1627 3159 1782 3224 meis
1809 3158 2093 3224 facienda
2121 3158 2202 3224 ad
2230 3158 2466 3224 curiam
2492 3181 2697 3224 meam
2726 3158 2805 3223 de
2830 3156 3211 3223 Castrocnok
3242 3156 3322 3222 de

562 3278 724 3329 terra
752 3263 832 3328 de
863 3263 1222 3352 Kylmellan
1254 3302 1266 3315 ·
1298 3264 1594 3329 videlicet
1635 3265 1704 3328 in
1751 3264 2285 3331 efforciamentum
2330 3265 2608 3354 predicte
2654 3265 2824 3331 curie
2868 3290 3007 3332 mee
3044 3267 3147 3333 vel
3176 3291 3321 3333 cum

561 3372 750 3436 breve
767 3370 1011 3458 regium
1030 3370 1220 3436 fuerit
1239 3370 1308 3435 in
1329 3370 1544 3437 eadem
1574 3370 1747 3435 curia
1767 3370 2323 3437 determinandum.
2413 3371 2581 3438 Volo
2605 3384 2670 3438 et
2688 3373 2963 3437 concedo
2982 3396 3097 3461 pro
3124 3373 3320 3439 salute

563 3474 766 3541 anime
793 3500 932 3541 mee
962 3475 1200 3541 Leticie
1229 3475 1444 3541 uxoris
1472 3500 1610 3540 mee
1639 3489 2090 3542 antecessorum
2129 3490 2194 3543 et
2220 3500 2638 3543 successorum
2677 3501 2959 3543 meorum
2984 3480 3153 3565 quod
3182 3504 3318 3567 pre-

562 3584 712 3650 dicti
741 3584 923 3649 Prior
951 3596 1014 3649 et
1042 3596 1382 3649 conventus
1411 3595 1474 3649 et
1501 3606 1720 3649 eorum
1759 3608 2131 3650 successores
2158 3586 2431 3652 habeant
2457 3598 2521 3651 et
2548 3596 2801 3651 teneant
2826 3585 3169 3673 predictam
3196 3599 3319 3651 ter·

561 3716 690 3758 ram
726 3692 805 3759 de
843 3692 1206 3781 Kylmellan
1256 3716 1400 3759 cum
1451 3691 1850 3779 pertinenciis
1900 3694 2024 3757 suis
2075 3693 2351 3779 quietam
2398 3692 2478 3758 ab
2527 3690 2884 3756 omnimoda
2933 3702 3099 3755 secta
3148 3690 3319 3755 curie

564 3798 1152 3865 summonicionibus
1181 3798 1717 3865 atthachiamentis
1746 3812 1811 3865 et
1838 3801 2077 3866 cunctis
2106 3803 2290 3868 rebus
2330 3800 2410 3866 ad
2437 3824 2537 3866 me
2564 3800 2668 3867 vel
2696 3799 2955 3865 heredes
2998 3821 3168 3864 meos
3212 3799 3315 3863 vel

563 3906 892 3995 assignatos
936 3929 1106 3971 meos
1136 3905 1214 3971 de
1251 3906 1530 3993 predicta
1557 3918 1718 3971 terra
1761 3908 2137 3975 exeuntibus
2171 3947 2183 3960 ·
2216 3920 2479 3995 excepta
2506 3906 2811 3995 personali
2840 3904 3317 3993 transgressione

561 4011 750 4077 michi
771 4026 836 4077 et
854 4012 1188 4077 heredibus
1209 4012 1363 4077 meis
1384 4036 1496 4100 per
1515 4012 1824 4100 predictos
1841 4014 2122 4080 Priorem
2145 4028 2210 4081 et
2229 4027 2604 4081 conventum
2627 4026 2693 4079 61
2707 4036 2923 4079 eorum
2944 4033 3315 4077 successores

560 4117 743 4184 illata.
835 4118 1022 4185 Salvo
1049 4130 1294 4184 tantum
1321 4118 1611 4185 forinsico
1647 4120 1906 4186 servicio
1937 4123 2106 4208 quod
2135 4122 2215 4188 ad
2242 4133 2486 4187 tantum
2514 4134 2673 4187 terre
2703 4120 2972 4209 pertinet
2999 4141 3143 4184 cum
3171 4140 3312 4182 eve-

562 4238 736 4290 nent.
1085 4298 1114 4329 ·

683 4330 783 4395 Ita
807 4340 1017 4395 tamen
1048 4328 1218 4415 quod
1235 4352 1352 4395 nec
1381 4353 1499 4418 ego
1527 4352 1644 4395 nec
1663 4330 1922 4397 heredes
1949 4329 2053 4397 vel
2074 4330 2364 4419 assignati
2386 4330 2511 4396 mei
2535 4330 2774 4416 aliquid
2792 4328 2953 4416 juris
2973 4327 3077 4394 vel
3104 4326 3311 4393 clamii

560 4438 626 4501 in
654 4436 934 4525 predicta
959 4448 1124 4501 secta
1151 4435 1744 4503 summonicionibus
1771 4436 1876 4503 vel
1903 4436 2442 4503 atthachiamentis
2463 4436 2739 4526 predicte
2768 4449 2927 4503 terre
2949 4435 3026 4501 (16
3050 4433 3309 4521 Kylme-

1870 4541 1905 4606 Ι
1937 4546 1976 4605 2
3204 4539 3306 4605 lan
