4295 5410
2290 656 2341 720 4

2266 941 2363 1015 H.

929 1131 1358 1204 &autumatio
1391 1142 1449 1203 tt
1483 1130 1760 1222 protectio
1793 1129 2078 1208 &thani
2112 1126 2548 1221 spiritualium
2592 1139 2650 1200 tt
2684 1125 3123 1220 temporalium
3155 1146 3296 1202 tum
3330 1125 3485 1200 aliis
3519 1128 3703 1219 pribi-

933 1247 1109 1338 loegiis
1144 1260 1202 1319 tt
1237 1247 1774 1322 immunitatibus.

1123 1435 1379 1503 Rbanus
1401 1437 1725 1525 episcopus
1746 1459 1959 1503 servus
1978 1459 2299 1502 servorum
2317 1434 2443 1502 Dei
2466 1433 2710 1502 dilectis
2730 1434 2877 1500 filiis
2895 1433 3101 1500 Priori
3123 1433 3381 1501 ecclesie
3402 1435 3707 1501 Omnium

1155 1543 1523 1610 Sanctorum
1553 1543 1632 1609 de
1662 1543 1906 1609 Dublin
1934 1543 2341 1630 ejusdemque
2367 1542 2663 1610 fratribus
2692 1557 2821 1610 tam
2849 1545 3241 1632 presentibus
3268 1570 3457 1632 quam
3484 1546 3710 1612 suturis

928 1647 1275 1735 regularem
1305 1646 1500 1712 vitam
1541 1646 1827 1733 professis
1853 1646 1923 1710 in
1959 1660 2352 1734 perpetuum.
2442 1647 2759 1727 Quociens
2802 1673 2841 1714 a
2876 1649 3057 1714 nobis
3094 1649 3330 1737 petitur
3367 1651 3538 1737 quod
3564 1653 3707 1718 reli-

927 1751 1102 1839 gioni
1147 1765 1214 1816 et
1252 1748 1564 1815 honestati
1605 1749 1940 1815 convenire
1970 1749 2315 1815 dinoscitur
2360 1750 2570 1816 animo
2614 1774 2729 1815 nos
2768 1749 2949 1816 decet
2984 1750 3211 1819 libenti
3256 1755 3593 1822 concedere
3638 1781 3707 1822 ac

931 1857 1288 1944 petencium
1317 1855 1638 1921 desideriis
1665 1878 2015 1943 congruum
2043 1855 2410 1943 suffragium
2438 1857 2765 1944 impertiri.

1059 1963 1158 2027 Ea
1185 1976 1438 2050 propter
1464 1961 1534 2025 in
1555 1961 1832 2026 Domino
1860 1961 1978 2026 filii
2000 1962 2221 2028 vestris
2240 1962 2427 2048 justis
2455 1963 2986 2049 postulacionibus
3014 1964 3353 2031 clementer
3380 1969 3709 2032 annuimus

929 2083 994 2135 et
1021 2083 1362 2157 pretactam
1407 2067 1729 2134 ecclesiam
1757 2065 1827 2131 in
1866 2090 1992 2151 qua
2018 2065 2237 2131 divino
2274 2065 2615 2154 mancipati
2661 2067 2807 2134 estis
2853 2068 3151 2155 obsequio
3198 2071 3312 2136 sub
3340 2071 3509 2136 beati
3538 2072 3713 2138 Petri

929 2191 994 2242 et
1022 2187 1229 2239 nostra
1255 2173 1641 2261 protectione
1669 2169 2039 2259 suscipimus
2068 2185 2133 2237 et
2160 2172 2461 2259 presentis
2490 2171 2705 2260 scripti
2728 2174 3061 2263 privilegio
3083 2176 3558 2242 communimus.
3633 2179 3710 2242 In

927 2284 1145 2372 primis
1189 2281 1500 2368 siquidem
1549 2292 1889 2345 statuentes
1933 2292 2007 2345 ut
2053 2279 2205 2344 ordo
2251 2278 2588 2347 canonicus
2620 2317 2636 2332 ·
2668 2281 2777 2366 qui
2824 2281 3170 2348 secundum
3193 2281 3404 2346 Deum
3450 2299 3515 2348 et
3542 2283 3711 2348 beati

929 2387 1276 2476 Augustini
1304 2386 1586 2476 regulam
1616 2397 1802 2471 atque
1831 2384 2298 2450 institucionem
2328 2386 2774 2451 Arrocensium
2803 2386 3064 2452 fratrum
3094 2387 3163 2451 in
3190 2387 3408 2453 eadem
3454 2389 3712 2455 ecclesia

927 2497 1249 2560 institutus
1277 2517 1408 2559 esse
1428 2491 1774 2557 dinoscitur
1804 2529 1818 2542 ·
1839 2489 2156 2578 perpetuis
2178 2489 2416 2556 ibidem
2446 2492 2831 2578 temporibus
2858 2492 3306 2559 inviolabiliter
3334 2495 3712 2560 observetur.

1055 2602 1349 2666 Preterea
1387 2621 1809 2684 quascumque
1849 2597 2259 2686 possessiones
2298 2622 2690 2684 quecumque
2718 2600 2885 2665 bona
2928 2599 3148 2664 eadem
3188 2599 3448 2665 ecclesia
3474 2599 3543 2664 in
3571 2624 3710 2688 pre·

928 2709 1277 2774 senciarum
1309 2705 1480 2792 juste
1527 2717 1593 2771 et
1639 2704 1938 2771 canonice
1975 2704 2251 2791 possidet
2284 2742 2297 2757 ·
2340 2718 2449 2769 aut
2483 2704 2553 2769 in
2581 2703 2864 2770 futurum
2910 2704 3305 2772 concessione
3340 2705 3710 2794 pontificum

924 2813 1266 2903 largicione
1302 2834 1523 2901 regum
1551 2810 1655 2876 vel
1683 2810 2039 2898 principum
2079 2810 2401 2877 oblacione
2430 2810 2715 2876 fidelium
2761 2836 2870 2877 seu
2916 2811 3053 2877 aliis
3068 2811 3255 2897 justis
3300 2812 3503 2877 modis
3540 2836 3707 2899 pres-

928 2934 1098 2985 tante
1129 2917 1407 2983 Domino
1434 2916 1666 3004 poterit
1693 2914 1953 3004 adipisci
1987 2955 1998 2966 ·
2031 2916 2213 2981 firma
2256 2916 2436 2982 vobis
2481 2917 2824 3003 vestrisque
2871 2916 3322 2982 successoribus
3368 2932 3433 2982 et
3473 2918 3711 2983 illibata

926 3036 1346 3115 permaneant.
1433 3022 1512 3086 In
1549 3020 1776 3106 quibus
1803 3019 1922 3085 hec
1959 3018 2224 3107 propriis
2263 3018 2564 3083 duximus
2610 3020 3023 3107 exprimenda
3068 3019 3389 3085 vocabulis
3421 3059 3432 3071 ·
3468 3021 3709 3087 Locum

929 3132 1138 3220 ipsum
1165 3130 1234 3195 in
1263 3152 1387 3215 quo
1418 3126 1654 3215 prefata
1695 3125 1954 3192 ecclesia
1982 3125 2098 3190 sita
2127 3137 2220 3191 est
2247 3149 2393 3192 cum
2424 3125 2714 3192 omnibus
2743 3124 3142 3213 pertinenciis
3181 3125 3308 3191 suis
3340 3164 3353 3177 ·
3386 3127 3709 3215 grangiam

931 3236 1168 3302 scilicet
1199 3234 1343 3320 [de]
1377 3232 1660 3319 Canturg
1693 3269 1706 3282 ·
1732 3243 1797 3296 et
1825 3230 1904 3295 de
1923 3229 2299 3295 Duncarnac
2332 3268 2344 3279 ·
2377 3227 2595 3293 villam
2625 3229 2703 3294 de
2723 3228 3077 3317 Balidogail
3108 3266 3125 3280 ·
3154 3227 3370 3295 villam
3390 3231 3469 3296 de
3493 3232 3707 3297 Balin-

933 3341 1238 3429 congalan
1265 3378 1278 3390 ·
1305 3336 1628 3427 grangiam
1649 3336 1727 3401 de
1746 3334 2251 3422 Robaanchagan
2275 3370 2288 3384 ·
2310 3331 2527 3397 villam
2545 3332 2623 3397 de
2634 3331 3036 3398 Cheldronan
3062 3371 3075 3384 ·
3095 3332 3311 3399 villam
3330 3334 3408 3400 de
3428 3335 3706 3402 Cnoclis-

929 3448 1104 3513 lainn
1130 3484 1143 3496 ·
1167 3468 1314 3511 cum
1345 3442 1634 3508 omnibus
1662 3439 2064 3528 pertinenciis
2097 3478 2109 3489 ·
2141 3435 2441 3503 videlicet
2470 3437 2821 3503 elemosinis
2850 3437 3279 3505 oblacionibus
3307 3452 3370 3504 et
3401 3439 3658 3507 decimis
3691 3481 3701 3492 -

935 3555 1003 3618 in
1051 3552 1212 3641 agris
1244 3548 1444 3637 planis
1490 3546 1873 3613 silvestribus
1918 3543 2161 3633 pascuis
2199 3544 2269 3608 in
2296 3543 2489 3631 pratis
2534 3555 2600 3609 et
2644 3542 2821 3629 aquis
2867 3543 3242 3610 molendinis
3278 3545 3602 3633 piscaturis
3646 3565 3711 3613 et

933 3658 1152 3725 ceteris
1190 3656 1477 3722 omnibus
1505 3652 1989 3742 possessionibus
2019 3653 2147 3738 [et]
2181 3649 2736 3717 consuetudinibus
2766 3650 2845 3716 ad
2875 3650 3177 3737 prefatam
3216 3649 3537 3717 ecclesiam
3567 3676 3705 3741 per-

938 3765 1296 3832 tinentibus,
3370 3818 3375 3823 .

1067 3870 1230 3937 Sane
1251 3865 1570 3933 novalium
1593 3878 1940 3931 vestrorum
1963 3888 2084 3949 que
2107 3862 2374 3952 propriis
2394 3862 2682 3929 manibus
2704 3874 2814 3928 aut
2830 3860 3179 3948 sumptibus
3200 3861 3403 3927 colitis
3434 3898 3447 3911 ·
3480 3861 3611 3927 sive
3631 3861 3709 3927 de

934 3976 1331 4045 nutrimentis
1361 3972 1726 4041 animalium
1754 3984 2101 4035 vestrorum
2128 4006 2141 4019 ·
2174 3966 2385 4033 nullus
2414 3991 2451 4032 a
2480 3966 2659 4033 vobis
2681 3964 2953 4031 decimas
2975 3978 3347 4051 extorquere
3375 3982 3707 4052 presumat.

935 4087 1154 4151 Liceat
1181 4103 1431 4168 quoque
1460 4077 1638 4144 vobis
1668 4075 1924 4143 clericos
1952 4074 2055 4140 vel
2083 4072 2274 4139 laicos
2302 4095 2338 4137 e
2368 4072 2577 4138 seculo
2605 4070 2918 4159 fugientes
2948 4107 2964 4121 ·
2995 4069 3221 4135 liberos
3260 4086 3324 4136 et
3350 4071 3663 4136 absolutos
3694 4111 3705 4121 ·

844 4174 848 4179 .
935 4193 1016 4259 ad
1043 4188 1509 4259 conversionem
1536 4184 1814 4272 recipere
1843 4195 1909 4248 et
1936 4205 2041 4248 eos
2071 4182 2303 4267 absque
2343 4179 2835 4247 contradictione
2878 4177 3088 4263 aliqua
3114 4176 3402 4243 retinere.
3487 4177 3709 4241 Probi·

933 4302 1152 4366 bemus
1179 4296 1432 4382 insuper
1460 4303 1533 4356 ut
1569 4290 1731 4377 nulli
1759 4289 2021 4355 fratrum
2050 4303 2399 4354 vestrorum
2426 4300 2565 4374 post
2592 4285 2819 4351 factam
2847 4283 2917 4347 in
2959 4283 3181 4349 eodem
3209 4281 3347 4349 loco
3386 4280 3709 4369 professio-

933 4430 1078 4472 nem
1106 4405 1195 4469 fas
1223 4401 1304 4467 sit
1331 4401 1563 4485 absque
1584 4394 1819 4462 Prioris
1848 4395 1945 4463 sui
1973 4393 2239 4461 licencia
2264 4432 2276 4444 ·
2300 4392 2419 4457 nisi
2444 4390 2693 4458 arcioris
2722 4389 3042 4479 religionis
3072 4390 3335 4455 obtentu
3361 4426 3374 4437 ·
3394 4386 3710 4452 discedere

3288 4494 3709 4560 discedentem
