4295 5410
2259 590 2363 662 liv

929 772 1206 859 quinque
1235 797 1374 840 acre
1404 772 1566 861 prati
1598 772 1814 837 decem
1861 795 2000 838 acre
2041 786 2289 860 pastui-e
2340 796 2467 837 una
2494 794 2636 837 acra
2654 772 3059 859 jampnorum
3102 796 3249 837 cum
3300 772 3703 859 pertinenciis

927 880 996 944 in
1027 879 1085 945 le
1103 904 1339 969 grange
1383 878 1462 945 de
1493 877 1868 943 Ballicullan
1898 902 2011 943 sex
2042 880 2388 967 messuagia
2431 902 2544 943 sex
2591 877 2863 965 cottagia
2902 890 3159 943 centum
3186 892 3251 944 et
3294 878 3707 967 quadraginta

929 1010 1067 1052 acre
1096 1000 1257 1052 terre
1287 999 1553 1073 quatuor
1595 1008 1732 1050 acre
1762 984 1923 1071 prati
1963 984 2294 1051 tresdecim
2324 1008 2463 1049 acre
2492 996 2741 1071 pasture
2772 982 2896 1049 due
2942 1006 3083 1049 aere
3131 984 3537 1071 jampnorum
3576 999 3701 1051 tres

927 1114 1064 1156 acre
1093 1091 1268 1156 bosci
1311 1105 1375 1157 et
1419 1116 1619 1155 unum
1665 1088 2120 1157 columbarium
2172 1116 2315 1156 cum
2368 1089 2774 1178 pertinenciis
2802 1087 2872 1153 in
2902 1088 3249 1155 Clontorke
3298 1114 3497 1155 unum
3542 1114 3699 1157 mes—

927 1194 1216 1282 suagium
1245 1193 1522 1280 quinque
1552 1192 1825 1280 cottagia.
1852 1208 2105 1258 centum
2135 1207 2201 1259 et
2228 1194 2459 1282 viginti
2490 1216 2629 1259 acre
2658 1206 2821 1258 terre
2864 1216 2977 1259 sex
3006 1217 3145 1258 acre
3174 1194 3337 1283 prati
3380 1196 3699 1263 sexdecim

926 1323 1065 1364 acre
1096 1311 1343 1387 pasture
1387 1310 1451 1363 et
1494 1297 1619 1362 duo
1659 1322 1798 1363 acre
1817 1298 2223 1386 jampnorum
2269 1322 2415 1364 cum
2459 1298 2861 1385 pertinenciis
2890 1297 2959 1365 in
2992 1298 3387 1389 Donakerny
3418 1303 3699 1387 quinque

925 1403 1274 1493 messuagio.
1321 1403 1644 1469 sexdecim
1686 1404 1958 1493 cottagia
2007 1405 2237 1493 viginti
2280 1405 2543 1495 gardins.
2592 1405 2912 1495 octoginta
2951 1431 3090 1473 acre
3141 1405 3303 1494 prati
3351 1408 3699 1474 octodecim

931 1534 1068 1576 acre
1108 1524 1356 1597 pasture
1401 1535 1528 1575 una
1579 1534 1718 1575 acra
1754 1510 2160 1599 jampnorum
2208 1524 2273 1579 et
2314 1536 2443 1577 una
2478 1535 2619 1578 acra
2661 1535 2938 1577 warrene
2984 1535 3130 1578 cum
3182 1513 3583 1600 pertinenciis
3633 1514 3701 1579 in

931 1616 1262 1681 Balldowil
1307 1631 1572 1702 quatuor
1600 1615 1945 1704 messuagia
1976 1616 2253 1702 quinque
2284 1614 2557 1704 cottagia
2599 1614 2941 1680 ducentum
2980 1639 3121 1682 acre
3163 1630 3324 1682 terre
3367 1616 3702 1683 duodecim

930 1746 1069 1787 acre
1116 1720 1277 1809 prati
1325 1720 1658 1786 duodecim
1709 1744 1848 1785 acre
1899 1734 2149 1809 pasture
2185 1732 2451 1807 quatuor
2502 1742 2640 1784 acre
2668 1717 2840 1785 bosci
2887 1742 3032 1785 cum
3076 1718 3483 1807 pertinenciis
3526 1721 3598 1786 in
3640 1722 3699 1788 le

927 1849 1164 1914 grsnge
1193 1825 1271 1891 de
1297 1822 1654 1889 Balldowill
1682 1823 1912 1912 viginti
1941 1823 2290 1913 messuagia
2316 1823 2489 1889 mille
2519 1846 2659 1887 acre
2688 1836 2849 1888 terre
2880 1837 3248 1890 sexcentum
3279 1850 3419 1891 acre
3448 1842 3697 1915 pasture

928 1946 1181 1996 eentum
1211 1954 1350 1996 acre
1379 1930 1550 1996 bosci
1581 1928 1922 1995 ducentum
1952 1954 2090 1995 acre
2133 1952 2307 1995 more
2350 1953 2495 1994 cum
2540 1928 2942 2017 pertinenciis
2972 1930 3039 1995 in
3084 1930 3243 1997 cella
3297 1930 3513 1997 Sancti
3564 1933 3699 1999 Sal-

928 2035 1158 2101 vatoris
1195 2036 1262 2101 in
1314 2034 1714 2124 Glendelagh
1742 2060 1942 2101 unum
1971 2036 2436 2123 messuagiuum
2486 2034 2829 2101 ducentum
2879 2060 3017 2101 acre
3062 2048 3224 2102 terre
3268 2052 3523 2103 centum
3562 2064 3701 2105 acre

926 2157 1173 2231 pasture
1203 2168 1348 2209 cum
1377 2144 1802 2233 pertinenciiis
1831 2144 1896 2209 in
1921 2144 2338 2209 Rathdromin
2363 2142 2833 2230 quatuordecim
2863 2165 3001 2208 acre
3030 2156 3192 2209 terre
3212 2141 3281 2209 in
3303 2143 3702 2211 Killbarrock

929 2277 1126 2317 unum
1169 2253 1586 2341 messuagium
1630 2267 1694 2317 et
1723 2251 1952 2341 viginti
1995 2277 2134 2319 acre
2167 2268 2325 2318 terre
2370 2250 2437 2316 in
2480 2250 3027 2339 Calga[n]stowne
3055 2274 3253 2317 unum
3282 2251 3703 2339 messuagium

927 2373 992 2423 et
1035 2358 1446 2447 quadraginta
1493 2382 1630 2424 acre
1681 2372 1842 2424 terre
1885 2383 2029 2424 cum
2074 2358 2477 2446 pertinenciis
2506 2358 2573 2425 in
2604 2357 2860 2423 Ballells
2908 2356 3304 2445 [Ballyallice
3334 2354 3483 2422 alias
3511 2357 3703 2446 Baly-

929 2464 1164 2555 offryn]
1193 2464 1484 2531 Rectorie
1515 2465 1594 2532 de
1616 2464 2012 2553 Ballycullan
2033 2462 2542 2553 Clogheranhide
2569 2461 2781 2529 Sancti
2802 2461 3063 2550 Georgii
3086 2460 3335 2527 Dublin
3360 2461 3704 2529 Clontorke

925 2570 987 2636 le
1015 2594 1250 2660 grange
1280 2570 1359 2635 de
1390 2570 1746 2637 Balldowill
1783 2569 2128 2636 Meridium
2163 2568 2304 2659 [sic]
2345 2569 2559 2636 Sancti
2592 2567 2930 2633 Salvatoris
2964 2566 3033 2631 in
3062 2566 3460 2655 Glendelagh
3501 2567 3699 2632 Rath-

928 2672 1178 2741 dromin
1205 2685 1272 2740 et
1300 2672 1560 2763 Killagh
1599 2698 1742 2740 cum
1787 2673 2191 2762 pertinenciis
2220 2673 2287 2739 in
2317 2672 2615 2739 comitatu
2648 2670 2917 2752 Dublin,
2949 2684 3216 2759 quatuor
3256 2671 3605 2762 messuagia
3640 2688 3707 2740 et

925 2779 1154 2870 viginti
1185 2793 1451 2866 quatuor
1479 2803 1618 2846 acre
1647 2794 1808 2846 terre
1839 2804 1982 2845 cum
2014 2779 2414 2868 pertinenciis
2437 2779 2504 2844 in
2530 2777 2873 2866 Kildroght
2899 2801 3097 2843 unum
3126 2797 3395 2844 castrum
3425 2780 3555 2845 sive
3585 2781 3703 2846 for-

926 2886 1215 2976 tilagium
1245 2885 1367 2951 tria
1392 2885 1740 2974 messuagio.
1766 2884 2026 2974 triginta
2054 2910 2192 2952 acre
2220 2897 2383 2951 terre
2413 2899 2479 2951 et
2520 2909 2635 2951 sex
2664 2908 2802 2951 acre
2833 2899 3080 2972 pasture
3123 2908 3267 2950 cum
3303 2885 3707 2971 pertinenciis

927 2994 996 3057 in
1056 2990 1386 3079 Taghdow
1429 3003 1494 3056 et
1555 2990 1926 3080 Marygrace
1985 3005 2050 3056 et
2121 2991 2384 3058 rectoria
2444 2991 2522 3058 de
2583 2991 2912 3079 Taghdow
2956 2993 3026 3056 in
3085 2993 3387 3060 comitatu
3446 2993 3706 3062 Kildare

928 3094 1190 3162 rectoris.
1232 3093 1310 3159 de
1369 3093 1769 3184 Rathmeeny
1814 3118 1960 3159 cum
2002 3095 2407 3182 pertinenciis
2462 3095 2531 3160 in
2596 3095 2897 3162 comitatu
2947 3097 3259 3163 Wexford
3316 3124 3389 3166 ac
3442 3103 3707 3169 rectoria

929 3201 1008 3266 de
1038 3199 1393 3288 Rathbarry
1423 3222 1567 3264 cum
1613 3199 2015 3288 pertinenciis
2045 3199 2112 3264 in
2160 3201 2463 3266 comitatu
2494 3200 2721 3266 Corke.
2812 3201 2955 3282 Que
2984 3203 3195 3268 omnis
3233 3204 3530 3290 premissa
3558 3230 3704 3273 con-

929 3330 1098 3373 cessa
1144 3305 1318 3371 fuere
1363 3306 1485 3392 maj
1494 3305 1587 3372 ori
1632 3306 1882 3372 ballivis
1932 3305 2177 3372 civibus
2220 3321 2285 3373 et
2327 3308 2764 3374 communitati
2808 3309 3079 3376 civitatis
3114 3310 3361 3375 Dublin
3391 3325 3457 3377 et
3484 3336 3701 3378 eorum

929 3409 1380 3476 successoribus
1425 3408 1887 3497 imperpetuum
1938 3433 2050 3497 per
2100 3410 2338 3476 litteras
2382 3425 2667 3500 patentes
2710 3413 2950 3478 domini
2993 3437 3195 3502 nuper
3236 3415 3403 3504 regis
3435 3416 3703 3484 Henrici

930 3515 1138 3582 octavi
1197 3515 1370 3580 datas
1415 3529 1636 3602 quarto
1681 3513 1785 3579 die
1835 3513 2164 3581 Februarii
2214 3538 2379 3580 anno
2439 3515 2620 3604 regni
2664 3516 2761 3582 sui
2824 3520 3451 3586 xxx⁰.—Reom·dests
3509 3521 3701 3600 Book,

930 3645 1168 3711 P·491·

2206 3817 2385 3889 XII.

1827 3999 2155 4101 [munatio
2177 4003 2453 4076 &bauti
2477 4001 2801 4101 Dabunt]

1133 4172 1402 4239 Enricus
1423 4170 1702 4236 Octavus
1723 4167 1826 4234 dei
1848 4167 2058 4256 gracia
2066 4168 2307 4256 Anglie
2324 4182 2389 4234 et
2406 4169 2669 4234 Francie
2697 4191 2815 4234 rex
2835 4167 2983 4234 fidei
3007 4167 3295 4234 defensor
3315 4179 3380 4233 et
3402 4168 3695 4236 dominus

1176 4275 1484 4342 Hibernie
1511 4297 1584 4340 ac
1612 4271 1682 4336 in
1709 4285 1872 4339 terra
1899 4296 2261 4361 supremum
2276 4288 2469 4362 caput
2495 4275 2752 4341 ecclesie
2780 4275 3136 4363 Anglicane
3178 4288 3245 4340 et
3274 4274 3700 4346 Hibernicane

930 4386 1219 4454 omnibus
1247 4382 1328 4448 ad
1357 4403 1513 4467 quos
1543 4391 1858 4468 presentes
1883 4378 2090 4445 littere
2117 4391 2326 4446 nostre
2356 4381 2755 4469 pervenerint
2772 4379 3071 4448 Salutem.
3146 4380 3372 4447 Sciatis
3393 4383 3565 4469 quod
3592 4409 3705 4450 nos

3627 4489 3705 4556 de
