4295 5410
2245 632 2335 725 98

895 832 1006 875 seu
1032 808 1354 876 occasione
1383 808 1758 876 dimissionis
1788 811 1956 877 dicte
1984 811 2246 900 grangie
2274 810 2585 877 movende
2615 808 2969 875 infuturum
2996 806 3149 875 hinc
3186 808 3337 875 inde
3366 806 3689 874 dimittan-

898 930 1002 981 tur
1033 954 1046 967 ·
1079 915 1266 981 salvis
1295 915 1415 981 sibi
1445 915 1802 981 accionibus
1831 916 1958 981 suis
1987 940 2072 981 ex
2102 928 2428 981 contractu
2454 915 2663 981 mutui
2693 914 3043 981 acomodati
3071 928 3137 979 et
3169 912 3438 1001 depositi
3474 924 3692 977 contra

898 1022 1240 1112 singulares
1277 1044 1590 1111 personas·
1607 1021 1829 1086 domus
1869 1020 2147 1109 predicte
2184 1058 2197 1071 ·
2229 1032 2294 1086 et
2321 1018 2557 1107 profert
2585 1018 2884 1105 quasdam
2912 1018 3121 1085 literas
3157 1030 3439 1106 patentes
3465 1017 3687 1083 inden-

898 1144 1054 1197 tatas
1099 1128 1266 1195 inter
1293 1127 1604 1217 predictos
1635 1125 1917 1191 Priorem
1955 1139 2019 1191 et
2047 1124 2400 1191 Henricum
2430 1147 2554 1210 que
2590 1124 2741 1189 inde
2778 1124 3061 1190 confecte
3096 1124 3218 1191 hoc
3246 1136 3551 1190 testantur
3583 1161 3597 1175 ·
3624 1135 3689 1187 et

900 1238 1062 1327 petit
1079 1236 1397 1324 judicium
1425 1236 1477 1300 si
1507 1238 1826 1301 accionem
1852 1248 1919 1299 et
1945 1246 2168 1299 cetera.

1030 1344 1119 1408 Et
1145 1342 1461 1431 predictus
1479 1340 1662 1406 Prior
1689 1340 1850 1406 bene
1878 1339 2179 1427 cognovit
2204 1338 2515 1427 predictas
2544 1338 2753 1405 literas
2780 1362 2911 1404 esse
2938 1337 3173 1405 factum
3200 1360 3386 1402 suum
3412 1349 3507 1402 set
3534 1334 3692 1401 dicit

901 1448 1071 1535 quod
1089 1448 1267 1514 litere
1288 1446 1570 1535 predicte
1589 1446 1648 1513 ei
1665 1470 1889 1513 nocere
1911 1470 2040 1512 non
2062 1446 2297 1514 debent
2318 1470 2435 1512 nec
2458 1469 2571 1534 per
2590 1470 2695 1512 eas
2716 1447 2795 1513 ab
2818 1445 3071 1513 accione
3088 1469 3201 1511 sua
3220 1443 3478 1512 excludi
3502 1480 3517 1495 ·
3542 1443 3691 1530 quia

901 1552 1058 1618 dicit
1103 1552 1275 1639 quod
1312 1550 1630 1640 predictus
1676 1550 1990 1617 Henricus
2031 1549 2102 1616 in
2147 1550 2370 1639 vigilia
2418 1550 2765 1617 nativitatis
2814 1550 3011 1617 sancti
3052 1551 3097 1616 J
3099 1550 3362 1617 ohannis
3408 1549 3689 1637 Baptiste

903 1679 1066 1721 anno
1094 1654 1258 1744 regis
1295 1679 1467 1720 nunc
1505 1654 1839 1721 undecimo
1880 1656 2194 1722 relaxavit
2226 1669 2291 1721 et
2326 1655 2790 1744 imperpetuum
2820 1658 3031 1743 quiete
3070 1657 3365 1723 clamavit
3393 1656 3597 1723 Priori
3623 1667 3690 1722 et

900 1759 1241 1827 conventui
1261 1758 1518 1825 ecclesie
1537 1757 1842 1824 Omnium
1868 1759 2241 1826 Sanctorum
2253 1758 2446 1845 juxta
2470 1758 2715 1825 Dublin
2738 1784 2922 1826 omne
2942 1761 3050 1847 jus
3070 1774 3135 1827 et
3156 1761 3450 1827 clamium
3478 1799 3491 1813 ·
3516 1760 3688 1848 quod

901 1866 1125 1932 habuit
1155 1865 1260 1931 vel
1291 1866 1371 1931 de
1399 1879 1607 1932 cetero
1635 1866 1866 1933 habere
1893 1867 2124 1957 poterit
2150 1867 2221 1932 in
2248 1867 2513 1957 grangia
2538 1867 2965 1955 predictorum
2992 1867 3227 1934 Prioris
3256 1882 3321 1935 et
3346 1882 3691 1935 conventus

903 1973 982 2039 de
1012 1972 1392 2061 Balydowill
1418 1997 1564 2039 cum
1606 1974 1895 2041 omnibus
1928 1974 2322 2041 libertatibus
2360 1974 2775 2041 individenda
2806 2012 2821 2028 ·
2852 1989 2918 2041 et
2943 1975 3093 2041 inde
3130 1976 3365 2064 profert
3392 1976 3690 2062 quasdam

885 2080 1110 2147 ‘literas
1138 2093 1420 2169 patentes
1449 2083 1567 2148 sub
1595 2082 1850 2148 nomine
1878 2082 2147 2170 predicti
2178 2082 2443 2148 Henrici
2472 2106 2595 2169 que
2623 2082 2745 2147 hoc
2774 2095 3078 2148 testantur
3104 2097 3171 2148 et
3196 2082 3358 2171 petit
3376 2080 3691 2168 judicium

902 2202 968 2252 et
995 2200 1202 2253 cetera.
1231 2224 1246 2240 ·
1277 2200 1343 2253 et
1369 2187 1686 2274 predictus
1715 2187 2032 2253 Henricus
2059 2212 2189 2252 non
2228 2186 2467 2253 dedicit
2498 2187 2809 2274 predictas
2838 2187 3063 2283 literas.
3083 2210 3213 2255 esse
3242 2188 3477 2255 factum
3506 2210 3689 2254 suum

904 2304 998 2359 set
1025 2293 1182 2359 dicit
1210 2293 1383 2380 quod
1411 2318 1524 2381 per
1552 2295 1862 2383 predictas
1900 2294 2109 2362 literas
2147 2316 2301 2381 quas
2340 2292 2603 2382 protulit
2629 2293 2737 2359 hic
2764 2294 2835 2359 in
2873 2294 3047 2361 curia
3084 2307 3150 2361 et
3193 2317 3347 2381 quas
3375 2294 3691 2384 predictus

903 2399 1086 2464 Prior
1111 2400 1412 2489 cognovit
1439 2422 1568 2466 esse
1596 2399 1830 2467 factum
1857 2424 2041 2467 suum
2069 2439 2082 2451 ·
2109 2401 2281 2467 accio
2303 2400 2571 2488 predicti
2594 2399 2829 2465 Prioris
2860 2400 2941 2467 de
2968 2400 3139 2467 dicto
3156 2402 3344 2468 blado
3366 2402 3445 2469 ab
3466 2400 3689 2467 eodem

905 2504 1180 2593 petendo
1225 2522 1322 2571 est
1363 2505 1642 2572 totaliter
1667 2506 1951 2573 extincta
1979 2520 2043 2573 et
2071 2507 2235 2594 petit
2250 2505 2568 2592 judicium
2598 2505 2651 2570 si
2680 2528 2792 2595 per
2819 2505 3128 2593 predictas
3156 2506 3363 2573 literas
3390 2506 3458 2571 in
3486 2520 3689 2595 poste-

903 2634 1044 2677 rum
1079 2613 1108 2695 [
1567 2617 1598 2699 ]
1629 2612 1793 2701 petit
1821 2650 1834 2665 ·
1868 2626 1934 2679 et
1961 2612 2279 2701 predictus
2308 2611 2492 2678 Prior
2515 2612 2671 2679 dicit
2700 2614 2870 2700 quod
2898 2638 2984 2680 ex
3013 2638 3138 2700 quo
3165 2615 3482 2703 predictus
3510 2614 3687 2681 Hen-

903 2716 1070 2784 ricus
1097 2719 1230 2802 re-[
1700 2725 1730 2806 ]
1762 2720 2185 2808 predictarum
2214 2719 2538 2786 literarum
2562 2744 2677 2808 per
2703 2721 2911 2786 literas
2940 2743 3079 2787 suas
3108 2746 3259 2808 quas
3286 2722 3357 2787 in
3384 2722 3558 2788 curia
3582 2722 3688 2788 hic

905 2837 972 2890 et.
997 2837 1203 2891 cetera
1229 2847 1358 2890 non
1386 2823 1638 2893 dedixit
1669 2829 1699 2911 [
2239 2833 2269 2913 ]
2302 2827 2463 2914 petit
2481 2828 2799 2913 judicium
2828 2829 2881 2894 si
2910 2853 3025 2916 per
3049 2830 3299 2894 easdem
3328 2829 3409 2895 ab
3438 2828 3689 2896 accione

907 2955 1020 2998 sua
1045 2932 1236 2999 debet
1263 2933 1521 3000 excludi
1555 2937 1585 3019 [
2234 2941 2264 3022 ]
2298 2959 2409 3001 suo
2438 2935 2587 3002 inde
2616 2936 2933 3002 audiendo
2960 2959 3167 3002 coram
3196 2949 3261 3002 et
3288 2947 3493 3002 cetera
3522 2959 3559 3002 a
3584 2934 3691 3000 die

911 3037 1125 3105 Sancti
1156 3037 1486 3107 Michaelis
1513 3042 1584 3106 in
1613 3065 1721 3108 xv.
1757 3044 1891 3112 dies
1923 3045 1953 3127 [
2501 3049 2531 3130 ]
2566 3045 2737 3130 quod
2766 3045 3082 3134 predictus
3109 3044 3293 3110 Prior
3318 3045 3526 3130 posuit
3552 3043 3691 3110 loco

909 3169 1020 3212 suo
1040 3145 1441 3214 Willelmum
1470 3149 1856 3240 Lamdegom
1886 3167 1952 3219 et
1980 3151 2330 3220 Robertum
2360 3149 2671 3218 Passilew.

2231 3413 2369 3486 XI.

1520 3593 1663 3695 [Qssx
1696 3597 1886 3673 ssot:
1921 3595 2065 3691 231:
2112 3623 2218 3695 19.
2272 3601 2463 3674 Quin.
2500 3599 2607 3673 ss.
2643 3597 2948 3686 fflmh:
2998 3595 3137 3696 16.]

1101 3779 1267 3848 Ssisa
1293 3783 1472 3848 venit
1495 3779 1949 3869 recognicionis
1975 3781 2028 3846 si
2052 3780 2401 3850 Mauricius
2422 3781 2652 3847 Howel
2686 3817 2699 3834 ·
2732 3779 3035 3849 Howelus
3053 3780 3309 3848 Geraud
3334 3819 3350 3833 ·
3371 3782 3416 3847 J
3416 3780 3693 3848 ohannes

991 3929 1002 3944 .-
1137 3887 1305 3953 filius
1327 3887 1581 3956 Howeli
1599 3888 1884 3955 Geraurd
1917 3925 1930 3939 ·
1951 3887 2151 3977 Hugo
2178 3888 2347 3955 filius
2364 3889 2619 3956 Howeli
2642 3889 2897 3955 Geraud
2914 3903 2980 3956 et
2993 3887 3308 3955 Henricus
3318 3889 3575 3955 Geraud
3594 3889 3690 3954 in-

899 3993 1070 4077 juste
1097 4009 1162 4062 et
1195 3996 1328 4063 sine
1357 3998 1604 4084 judicio
1642 3996 2140 4063 disscissiverunt
2178 3998 2463 4064 Priorem
2497 3997 2720 4064 domus
2750 3997 3057 4064 Omnium
3100 3997 3471 4064 Sanctorum
3499 3997 3695 4084 juxta

908 4099 1152 4176 Dublin
1174 4102 1254 4168 de
1275 4102 1473 4169 libero
1495 4115 1850 4170 tenemento
1871 4125 1984 4167 suo
2005 4101 2074 4167 in
2097 4101 2301 4191 Balyo
2322 4155 2335 4167 .
2359 4153 2373 4168 .
2396 4155 2409 4168 .
2437 4155 2450 4168 .
2479 4103 2640 4186 [Cot
2671 4103 2950 4190 Dublin]
2980 4115 3122 4192 post
3149 4126 3192 4192 p
3216 4154 3231 4168 .
3252 4152 3269 4170 .
3298 4156 3311 4169 .
3340 4156 3353 4170 .
3384 4117 3448 4171 et
3468 4117 3690 4171 cetera.

909 4205 1000 4272 Et
1025 4208 1194 4275 unde
1225 4209 1506 4295 queritur
1533 4209 1704 4296 quod
1733 4207 2231 4274 disseissiverunt
2259 4233 2405 4274 eum
2435 4209 2515 4276 de
2544 4231 2669 4283 sex,
2685 4209 3020 4298 mesuagiis
3049 4223 3114 4275 et
3141 4209 3475 4277 medietate
3502 4211 3691 4276 unius

907 4328 1194 4381 carucate
1219 4328 1384 4382 terre
1411 4340 1556 4382 cum
1583 4315 1988 4405 pertinenciis
2015 4316 2084 4381 in
2117 4317 2337 4383 eadem
2366 4317 2520 4384 villa
2558 4331 2623 4384 et
2666 4317 2888 4385 cetera.
2976 4319 3065 4384 Et
3093 4317 3359 4408 predicti
3388 4319 3701 4388 Howelus

909 4417 952 4482 J
954 4419 1228 4487 ohannes
1274 4419 1474 4509 Hugo
1517 4433 1583 4486 et
1621 4419 1936 4488 Henricus
1977 4420 2169 4485 modo
2208 4421 2472 4487 veniunt
2509 4437 2575 4488 et
2617 4423 2837 4489 dicunt
2876 4424 3048 4510 quod
3075 4425 3198 4512 ipsi
3231 4425 3430 4493 nichil
3456 4425 3694 4496 habent

3571 4553 3688 4602 11Θο
