4295 5410
2285 605 2375 687 ἃς)

941 784 1084 849 laris
1135 784 1588 849 observantiam
1633 784 1796 850 inter
1843 783 1964 849 alia
2007 784 2419 871 ponderantes
2463 795 2528 849 et
2573 783 2897 872 presertim
2941 796 3015 848 ut
3058 808 3133 849 eo
3180 784 3437 851 liberius
3484 785 3717 849 divinis

939 890 1184 977 possitis
1214 890 1524 975 obsequiis
1551 890 1876 955 intendere
1905 913 2032 976 quo
2053 904 2257 955 vestre
2276 889 2597 955 facultates
2618 890 2753 975 jam
2784 889 2981 955 exiles
3008 890 3197 955 nimis
3233 904 3307 955 ut
3334 891 3717 978 premittitur

941 1012 1005 1062 et
1033 1012 1250 1061 tenues
1277 997 1426 1062 licet
1453 1021 1580 1061 non
1609 1011 1681 1062 ut
1709 998 2010 1062 vellemus
2039 997 2257 1061 saltem
2288 997 2745 1083 aliquantulum
2774 1012 2847 1061 ut
2876 998 3226 1085 appetimus
3255 997 3475 1063 vestris
3502 997 3717 1062 usibus

939 1118 1346 1168 reserventur.

1067 1211 1198 1276 Nos
1228 1224 1430 1276 vestre
1459 1212 1809 1298 paupertati
1837 1211 2199 1295 hujusmodi
2242 1211 2348 1298 pio
2379 1212 2834 1299 compacientes
2874 1212 3101 1278 affectu
3131 1212 3334 1277 Patris
3362 1225 3427 1278 et
3461 1212 3613 1276 Filii
3652 1224 3716 1279 et

945 1320 1214 1409 Spiritus
1231 1318 1444 1386 Sancti
1465 1320 1718 1384 nomine
1741 1320 2029 1385 invocato
2051 1320 2379 1407 prehabita
2400 1344 2585 1407 super
2600 1320 2722 1385 hiis
2745 1320 3032 1386 omnibus
3050 1333 3114 1384 et
3134 1320 3395 1407 singulis
3416 1332 3481 1385 et
3499 1342 3716 1384 eorum

940 1425 1170 1490 circum
1179 1424 1428 1490 stanciis
1471 1448 1615 1489 cum
1659 1425 1882 1487 nostris
1908 1423 2207 1510 predictis
2250 1424 2539 1511 capitulis
2567 1424 2635 1489 in
2666 1425 2851 1489 domo
2881 1424 3207 1513 capitulari
3245 1424 3411 1490 dicte
3458 1424 3714 1490 ecclesie

940 1545 1146 1597 nostre
1176 1530 1545 1597 cathedralis
1571 1531 1796 1596 Sancte
1821 1531 2151 1596 Trinitatis
2180 1531 2512 1597 sufficienti
2534 1532 2987 1598 deliberacione
3011 1532 3298 1621 diligenti
3320 1531 3623 1618 solempni
3653 1544 3719 1596 et

937 1637 1250 1723 frequenti
1277 1650 1544 1702 tractatu
1571 1649 1644 1699 ut
1671 1635 2053 1724 premittitur
2081 1636 2149 1700 in
2179 1636 2495 1701 communi
2528 1652 2714 1724 prout
2742 1638 3012 1725 exigunt
3040 1637 3335 1704 canonice
3370 1637 3713 1703 sanctiones

931 1743 1093 1827 juris
1120 1743 1373 1830 insuper
1419 1742 1635 1807 ordine
1681 1757 1746 1807 et
1783 1742 2215 1830 solempnitate
2246 1743 2459 1808 debita
2493 1744 2561 1807 in
2606 1728 2895 1809 omnibus
2938 1745 3274 1811 observatis
3316 1743 3715 1809 concedimus

939 1850 1420 1937 pronunciamus
1450 1849 1831 1915 declaramus
1860 1848 2202 1912 diffinimus
2241 1863 2305 1913 et
2343 1848 2697 1913 ordinamus
2727 1849 2806 1914 de
2843 1849 3261 1936 predictorum
3299 1848 3713 1936 capitulorum

939 1970 1288 2021 nostrorum
1335 1955 1594 2021 consilio
1641 1968 1706 2019 et
1744 1977 1991 2020 assensu
2037 1977 2331 2041 expresso
2366 1954 2435 2018 in
2464 1953 2587 2018 hiis
2631 1955 2995 2019 auctoritate
3041 1954 3251 2019 nostra
3296 1954 3604 2018 ordinaria
3650 1966 3714 2019 et

939 2060 1281 2149 pontificali
1325 2084 1406 2124 ne
1449 2059 1613 2125 ultra
1651 2072 1916 2144 quatuor
1959 2081 2194 2123 marcas
2240 2058 2481 2145 argenti
2517 2058 2584 2122 in
2629 2060 3068 2146 procuracione
3099 2060 3375 2147 predicta
3408 2096 3421 2111 ·
3452 2084 3563 2125 vos
3606 2074 3714 2125 aut

940 2168 1255 2233 Prioratus
1283 2180 1487 2231 vester
1514 2165 1616 2230 vel
1645 2188 2018 2230 successores
2039 2164 2229 2229 vestri
2252 2164 2430 2230 nobis
2460 2177 2568 2229 aut
2588 2166 3038 2231 successoribus
3067 2166 3289 2231 nostris
3316 2166 3448 2230 sitis
3478 2165 3711 2252 aliqua-

939 2275 1082 2339 liter
1129 2272 1391 2361 obligati
1435 2286 1528 2336 set
1573 2270 2014 2359 procuracione
2056 2284 2323 2355 quatuor
2366 2294 2711 2336 marcarum
2760 2272 3000 2359 argenti
3046 2272 3238 2337 simus
3283 2295 3397 2359 pro
3432 2285 3711 2359 tempore

939 2398 1147 2446 nostro
1185 2393 1250 2445 et
1277 2378 1509 2467 singuli
1537 2401 1954 2444 successorum
1982 2390 2334 2442 nostrorum
2363 2400 2475 2465 pro
2506 2377 2631 2441 suis
2659 2377 3042 2464 temporibus
3070 2390 3371 2465 perpetuo
3411 2377 3537 2441 sint
3562 2399 3709 2441 con-

939 2487 1115 2552 tenti.

1069 2595 1146 2661 In
1177 2618 1442 2679 quorum
1467 2593 1747 2657 omnium
1771 2606 1835 2659 et
1863 2593 2252 2681 singulorum
2281 2606 2643 2681 perpetuam
2672 2592 3029 2657 firmitatem
3058 2604 3122 2656 et
3150 2590 3572 2656 testimonium
3601 2589 3711 2653 has

939 2701 1148 2767 literas
1177 2713 1411 2765 nostras
1439 2713 1719 2786 patentes
1763 2699 1953 2787 sigilli
1983 2700 2177 2764 nostri
2207 2714 2271 2766 et
2300 2700 2645 2789 sigillorum
2676 2700 2986 2765 dictorum
3030 2698 3443 2787 capitulorum
3472 2711 3707 2761 nostro-

940 2833 1080 2873 rum
1111 2805 1486 2894 appensione
1516 2805 1775 2871 fecimus
1804 2805 2195 2870 communiri.

1069 2913 1158 2977 Et
1185 2937 1296 2977 nos
1327 2912 1506 2977 Prior
1536 2925 1599 2977 et
1626 2925 1970 2977 conventus
1999 2913 2255 2978 ecclesie
2285 2912 2654 2978 cathedralis
2688 2911 2913 2977 Sancte
2932 2910 3261 2974 Trinitatis
3290 2933 3361 2976 ac
3390 2932 3501 2974 nos
3531 2908 3709 2973 deca-

940 3041 1057 3082 nus
1087 3029 1152 3081 et
1179 3015 1521 3102 capitulum
1563 3015 1820 3080 ecclesie
1855 3015 2067 3081 Sancti
2098 3016 2356 3080 Patricii
2388 3016 2737 3102 supradicte
2766 3015 3005 3080 dictum
3035 3027 3365 3080 tractatum
3396 3004 3495 3080 'sic
3523 3014 3709 3079 fuisse

941 3139 1002 3187 et
1033 3147 1161 3187 esse
1191 3121 1516 3186 nobiscum
1545 3120 1831 3186 habitum
1862 3145 1932 3185 ac
1962 3133 2167 3185 cetera
2196 3120 2491 3206 premissa
2520 3137 2822 3204 quatenus
2850 3143 2961 3184 nos
2983 3133 3367 3185 concernunt
3386 3143 3711 3208 recognos-

941 3230 1140 3292 cimus
1171 3252 1240 3292 ac
1271 3225 1480 3290 omnia
1518 3239 1582 3290 et
1609 3225 1854 3312 singula
1890 3224 1978 3289 sic
2007 3247 2118 3312 per
2154 3223 2391 3288 dictum
2437 3223 2855 3288 venerabilem
2884 3238 3123 3311 patrem
3160 3238 3439 3288 nostrum
3472 3224 3715 3289 Dublin

943 3331 1474 3417 archiepiscopum
1497 3328 1978 3417 suprascriptum
2002 3351 2289 3393 concessa
2310 3327 2717 3413 pronunciata
2738 3327 3043 3392 declarata
3062 3328 3327 3394 diffinita
3348 3344 3414 3395 et
3434 3331 3716 3395 ordinata

942 3440 1104 3506 facta
1125 3454 1298 3527 gesta
1325 3439 1539 3504 habita
1576 3452 1778 3502 cetera
1808 3458 2199 3521 quecumque
2229 3447 2415 3521 prout
2452 3432 2732 3518 superius
2772 3433 3109 3497 recitantur
3135 3457 3248 3521 per
3276 3435 3485 3500 omnia
3521 3435 3713 3501 ratifi-

945 3565 1156 3608 camus
1186 3543 1553 3629 aprobamus
1592 3564 1663 3604 ac
1702 3539 1934 3603 eisdem
1974 3537 2062 3602 sic
2103 3535 2405 3601 concessis
2435 3534 2855 3621 pronunciatis
2886 3535 3207 3601 declaratis
3237 3538 3518 3604 diffinitis
3549 3541 3713 3605 ordi-

947 3649 1106 3714 natis
1134 3648 1311 3712 factis
1339 3646 1527 3735 gestis
1557 3659 1620 3711 et
1647 3645 1875 3710 habitis
1911 3659 1976 3709 et
2013 3667 2229 3708 eorum
2276 3641 2537 3707 cuilibet
2582 3657 2884 3727 quatenus
2924 3643 3005 3707 ad
3032 3641 3143 3708 nos
3186 3643 3408 3709 attinet
3435 3659 3713 3710 nostrum

943 3753 1304 3820 unanimem
1332 3755 1660 3841 prebemus
1697 3775 2061 3817 consensum
2104 3764 2171 3816 et
2213 3773 2541 3814 assensum.
2630 3750 2709 3814 In
2736 3749 2915 3834 cujus
2934 3749 3027 3814 rei
3058 3749 3480 3815 testimonium
3508 3751 3714 3840 sigilla

944 3860 1300 3928 communia
1341 3861 1756 3947 capitulorum
1800 3873 2151 3924 nostrorum
2192 3882 2319 3922 una
2362 3881 2506 3923 cum
2548 3856 2753 3945 sigillo
2791 3856 3056 3944 predicti
3109 3858 3478 3924 venerabilis
3522 3860 3714 3947 patris

946 3968 1335 4055 presentibus
1381 3980 1525 4031 sunt
1573 3991 1858 4055 appensa.
1949 3967 2186 4031 Datum
2225 3965 2469 4031 Dublin
2515 3979 2733 4051 quarto
2772 3965 2875 4029 die
2920 3965 3147 4029 mensis
3178 3965 3505 4032 Februarii
3550 3991 3713 4032 anno

948 4073 1207 4138 Domini
1237 4072 1565 4137 millesimo
1597 4071 2205 4160 quadringentesimo
2236 4071 2529 4137 vicesimo
2560 4069 2792 4135 tericiO.

1295 4202 1378 4212 -qu-
1414 4201 1432 4209 ἢ
1481 4176 1583 4212 ··“σ]

1525 4229 1546 4241 A
1629 4229 1650 4240 Δ

2379 4191 2463 4212 ναις
2500 4199 2573 4212 Ἂν·
2612 4199 2633 4208 ⁰·-
