4295 5410
1897 603 1987 696 63

541 783 781 850 nenciis
818 783 944 848 suis
979 783 1049 847 in
1093 795 1447 848 tenemento
1477 782 1556 850 de
1587 781 1948 870 Kylmellan
1975 780 2045 844 in
2082 804 2302 868 puram
2340 794 2405 846 et
2447 797 2809 870 perpetuam
2856 784 3253 852 elemosinam
3287 825 3300 838 ·

541 891 632 956 ita
657 889 1113 977 perambulatas
1141 902 1206 954 et
1232 901 1610 955 mensuratas
1655 889 1818 955 sicut
1853 912 1955 954 eas
1993 912 2291 975 umquam
2328 888 2548 954 melius
2576 890 2819 977 plenius
2855 905 2920 956 et
2957 891 3210 958 liberius
3238 891 3307 955 in

543 996 752 1081 aliquo
796 1009 1076 1083 tempore
1122 993 1298 1059 tenui
1332 1031 1344 1043 ·
1376 993 1692 1058 habendas
1737 1004 1801 1058 et
1846 992 2142 1058 tenendas
2172 993 2252 1059 de
2296 1017 2399 1058 me
2438 1007 2502 1059 et
2528 995 2860 1062 heredibus
2896 996 3049 1062 meis
3088 997 3206 1063 sibi
3242 1009 3306 1062 et

540 1101 991 1168 successoribus
1036 1100 1160 1165 suis
1187 1099 1380 1166 libere
1427 1098 1637 1184 quiete
1681 1098 1924 1186 integre
1971 1110 2034 1164 et
2063 1098 2339 1185 plenarie
2383 1099 2641 1186 pacifice
2686 1116 2751 1168 et
2778 1102 3115 1169 honorifice
3160 1127 3305 1168 cum

541 1207 831 1274 omnibus
858 1205 1245 1273 libertatibus
1273 1218 1338 1270 et
1366 1204 1575 1271 liberis
1605 1205 2157 1272 consuetudinibus
2197 1205 2277 1270 ad
2304 1207 2611 1294 predictas
2640 1232 2806 1274 acras
2833 1209 3301 1297 pertinentibus

670 1315 813 1402 Ego
841 1338 990 1380 vero
1019 1313 1302 1378 Matildis
1331 1326 1394 1378 et
1422 1313 1679 1378 heredes
1708 1313 1832 1379 mei
1863 1312 2058 1378 dictas
2091 1337 2258 1379 acras
2296 1338 2440 1378 cum
2484 1338 2696 1380 earum
2723 1315 3118 1403 pertinenciis
3148 1315 3307 1380 sicut

540 1422 891 1510 predictum
935 1436 1026 1488 est
1053 1421 1304 1510 prefatis
1333 1421 1535 1486 Priori
1565 1436 1629 1486 et
1667 1421 2004 1486 conventui
2034 1435 2249 1487 contra
2293 1445 2505 1487 omnes
2533 1421 2816 1488 homines
2862 1435 2926 1488 et
2951 1421 3208 1488 feminas
3236 1422 3303 1486 in

539 1539 908 1616 perpetuum
931 1527 1205 1616 plenarie
1233 1527 1787 1593 warentizabimuS.
1875 1527 1964 1591 Et
1984 1540 2056 1591 ut
2076 1527 2195 1592 hec
2222 1537 2362 1592 mea
2389 1527 2699 1593 concessio
2729 1541 2793 1594 et
2814 1527 3110 1616 presentis
3138 1541 3303 1594 carte

543 1633 936 1699 confirmacio
981 1647 1277 1722 perpetue
1315 1633 1624 1700 firmitatis
1672 1635 1862 1700 robur
1913 1633 2236 1720 optineant
2279 1648 2627 1723 presentem
2677 1649 2907 1700 cartam
2954 1634 3143 1724 sigilli
3180 1633 3305 1699 mei

543 1739 942 1828 impressione
991 1740 1296 1806 roboravi.
1391 1741 1538 1807 Hiis
1582 1742 1842 1808 testibus
1885 1780 1898 1793 ·
1929 1741 2254 1808 Willelmo
2300 1743 2563 1809 Bossard
2604 1781 2617 1794 ·
2661 1743 2946 1808 Galfrido
2993 1743 3257 1808 Bossard
3290 1782 3302 1794 ·

538 1845 861 1912 Willelmo
879 1847 957 1912 de
987 1847 1156 1912 Rath
1176 1847 1426 1933 juniore
1460 1886 1472 1897 ·
1509 1847 1824 1935 Stephano
1845 1848 2084 1914 Edrich
2139 1887 2151 1898 ·
2212 1848 2492 1915 Waltero
2522 1848 2578 1912 F
2579 1848 2761 1916 ublee
2788 1887 2801 1899 -
2826 1847 3133 1914 Nicholao
3163 1849 3298 1912 Ab-

541 1953 652 2016 bot
677 1990 690 2002 ·
715 1951 1000 2018 Gilberto
1027 1951 1086 2017 le
1120 1952 1348 2040 Specer
1374 1992 1385 2003 ·
1411 1954 1703 2042 magistro
1727 1953 2062 2043 Radulpho
2093 1953 2171 2019 de
2206 1953 2463 2043 Strigoil
2490 1953 2713 2021 clerico
2744 1954 2853 2040 qui
2882 1953 3044 2020 hanc
3073 1967 3301 2020 cartam

545 2057 892 2146 composuit
919 2071 983 2124 et
1011 2058 1164 2123 aliis.

1776 2309 2064 2380 LXIX.

1185 2498 1296 2572 3132
1333 2515 1462 2569 uus
1499 2514 1638 2569 atra
1672 2513 1852 2588 μορε
1883 2492 2199 2568 telesiam
2229 2498 2301 2566 ut
2337 2491 2658 2582 chutun.

735 2683 1014 2751 Niversis
1059 2695 1267 2750 sancte
1313 2682 1525 2748 matris
1571 2682 1828 2749 ecclesie
1857 2681 2001 2747 filiis
2040 2679 2119 2748 ad
2150 2702 2303 2767 quos
2331 2702 2581 2767 presens
2624 2680 2921 2769 scriptum
2952 2684 3302 2771 pervenerit

778 2791 1082 2857 Ricardus
1104 2788 1276 2854 Ruffi
1303 2789 1562 2854 salutem
1585 2788 1654 2853 in
1674 2788 1967 2853 DominO.
2031 2789 2144 2853 Ad
2173 2788 2593 2855 universitatis
2614 2802 2815 2855 vestre
2836 2791 3134 2857 noticiam
3156 2792 3300 2857 volo

542 2898 868 2986 pervenire
896 2920 996 2963 me
1027 2895 1240 2960 divine
1268 2894 1514 2982 pictatis
1544 2907 1608 2960 et
1635 2894 1904 2960 caritatis
1933 2895 2169 2960 intuitu
2200 2896 2277 2961 de
2307 2919 2609 2961 consensu
2636 2909 2701 2961 et
2729 2920 2975 2963 assensu
3002 2898 3303 2963 heredum

539 3027 821 3071 meorum
845 3002 1083 3068 dedisse
1113 3014 1178 3066 et
1205 3001 1570 3067 concessisse
1599 3000 1738 3067 Deo
1767 3014 1832 3066 et
1859 3000 2122 3075 ecclesie,
2138 3001 2442 3067 Omnium
2465 3001 2831 3067 Sanctorum
2851 3003 3041 3087 juxta
3061 3002 3304 3070 Duan

539 3124 605 3175 et
631 3109 944 3176 canonicis
973 3107 1208 3175 ibidem
1238 3107 1376 3171 Deo
1423 3106 1834 3172 servientibus
1867 3158 1879 3170 .
1911 3130 2024 3194 pro
2069 3107 2267 3172 salute
2314 3108 2517 3173 anime
2562 3131 2700 3173 mee
2747 3122 3195 3174 antecessorum
3242 3124 3306 3175 et

541 3239 958 3285 successorum
1005 3238 1284 3280 meorum
1321 3214 1390 3278 in
1419 3238 1640 3301 puram
1683 3227 1747 3279 et
1773 3227 2138 3303 perpetuam
2180 3212 2578 3280 elemosinam
2612 3253 2623 3264 ·
2654 3239 2854 3280 unum
2900 3239 3101 3281 acram
3146 3231 3303 3305 terre

541 3349 677 3390 mee
706 3322 1060 3413 proximam
1089 3321 1345 3388 ecclesie
1375 3321 1452 3387 de
1477 3321 1750 3409 Gloyran
1780 3345 1991 3386 versus
2021 3320 2393 3407 aquilonem.
2424 3402 2435 3415 ἢ

671 3429 759 3494 Et
795 3443 868 3493 ut
895 3427 1012 3493 hec
1053 3452 1194 3492 mea
1221 3427 1480 3492 donacio
1523 3440 1588 3493 et
1628 3426 1938 3492 concessio
1981 3439 2114 3491 rata
2156 3439 2220 3491 et
2246 3424 2425 3490 firma
2450 3425 2519 3488 in
2548 3438 2918 3513 perpetuum
2947 3439 3302 3512 permaneat

545 3533 724 3599 dictis
766 3532 1022 3599 ecclesie
1065 3545 1130 3598 et
1172 3532 1484 3598 canonicis
1512 3534 1782 3620 presenti
1819 3533 2046 3621 scripto
2075 3532 2351 3621 sigillum
2378 3555 2589 3596 meum
2618 3530 2882 3619 dignum
2921 3531 3081 3595 duxi
3110 3555 3299 3621 appo-

541 3636 834 3702 nendum.
923 3634 1068 3699 Hiis
1115 3634 1371 3701 testibus
1403 3674 1416 3685 ·
1448 3634 1771 3701 Willelmo
1808 3635 2026 3723 Feypo
2061 3674 2073 3687 ·
2105 3634 2482 3723 Ingemaldo
2520 3633 2785 3701 Bossard
2818 3673 2831 3686 ·
2861 3635 3183 3702 Willelmo
3223 3638 3299 3702 de

544 3744 772 3810 Frenes
806 3782 819 3794 ·
850 3742 1132 3809 Waltero
1161 3740 1239 3806 de
1271 3740 1472 3808 Fuble
1505 3780 1517 3791 ·
1549 3741 1875 3807 Willelmo
1903 3740 2347 3809 Berthelemeb'
2369 3753 2434 3806 et
2459 3740 2673 3805 multis
2702 3740 2853 3807 aliis.

3072 4522 3287 4586 LXX.
