4295 5410
1982 648 2070 723 73

629 834 836 875 coram
865 811 1158 899 magistro
1190 810 1503 877 Michaele
1533 810 1612 875 de
1635 809 1948 873 Londoun
1978 832 2237 897 parsona
2266 810 2345 875 de
2370 810 2776 899 Wygyngelo
2802 852 2815 865 ·
2841 815 3094 880 domino
3126 816 3400 882 Roberto
3445 811 3475 844 '¹

626 917 946 1003 capellano
975 918 1158 983 castri
1187 918 1266 983 de
1288 915 1702 1004 Wykyngelo
1736 954 1748 966 ·
1780 914 2064 980 Waltero
2092 916 2225 981 filio
2256 916 2515 1004 Georgii
2547 955 2563 969 ·
2594 920 2904 986 Mauricio
2932 921 3063 986 filio
3094 922 3353 1011 Georgii
3388 963 3399 973 ·

625 1020 901 1089 Roberto
929 1023 988 1089 le
1023 1023 1228 1088 Smale
1256 1062 1268 1073 ·
1297 1024 1340 1087 J
1343 1023 1585 1087 ohanne
1617 1020 1931 1091 Hakefote
1965 1060 1978 1072 ·
2011 1022 2223 1087 David
2253 1022 2311 1087 le
2343 1022 2500 1087 Hals
2534 1060 2545 1073 ·
2584 1024 2921 1113 Sampsone
2950 1026 3081 1091 filio
3111 1028 3395 1094 Alexan-

627 1127 722 1192 dri
755 1166 771 1179 ·
801 1129 1084 1194 Waltero
1113 1129 1172 1195 le
1203 1129 1449 1194 Curteis
1482 1168 1494 1180 -
1529 1127 1796 1193 Ricardo
1828 1127 2000 1194 Albo
2033 1166 2046 1179 ·
2079 1128 2349 1193 Ricardo
2390 1130 2468 1194 de
2500 1128 2567 1192 H
2570 1130 2883 1197 artelande
2917 1171 2929 1184 ·
2962 1132 3230 1199 Ricardo
3252 1135 3395 1199 Pal-

619 1234 840 1300 mifero
868 1274 880 1285 ·
905 1236 1176 1301 Ricardo
1207 1236 1284 1303 de
1319 1236 1709 1323 Kylmantan
1755 1248 1820 1300 et
1867 1234 2020 1299 aliis.
2110 1236 2199 1299 Et
2238 1260 2444 1301 coram
2473 1236 2766 1324 predictis
2813 1252 3073 1325 uterque
3103 1240 3398 1305 videlicet

623 1339 826 1406 dictus
854 1340 1003 1406 Ada
1032 1341 1288 1429 Longus
1316 1356 1380 1407 et
1408 1342 1647 1406 Editha
1674 1341 1808 1425 ejus
1836 1363 2058 1428 sponsa
2087 1340 2498 1407 affidaverunt
2529 1342 2711 1407 istam
2741 1344 3226 1409 convencionem
3257 1346 3392 1411 abs-

621 1472 742 1534 que
771 1448 901 1513 ulla
928 1448 1330 1515 cavillacione
1358 1463 1422 1515 et
1449 1448 1668 1515 fraude
1698 1448 1958 1513 firmiter
1985 1448 2338 1515 tenendam.

1789 1795 2198 1868 LXXXII.

1251 1982 1364 2055 me
1399 2001 1532 2054 una
1567 2000 1710 2054 atta
1747 1982 1814 2054 {a
1851 1992 2189 2054 tenemento
2221 1984 2292 2053 Β(
2326 1981 2749 2072 ἒίἒΒῃῇρηςῑο.

754 2168 942 2235 Ciant
967 2183 1280 2255 presentes
1319 2180 1382 2234 et
1408 2169 1602 2234 futuri
1633 2168 1802 2255 quod
1841 2194 1957 2258 ego
1985 2167 2345 2233 Willelmus
2376 2167 2499 2233 Kel
2543 2182 2606 2233 et
2632 2170 2677 2234 J
2679 2168 2888 2233 uliana
2917 2169 2995 2234 de
3018 2168 3390 2257 Weyseford

793 2300 957 2339 uxor
997 2299 1136 2339 mea
1164 2274 1448 2339 dedimus
1494 2289 1559 2339 et
1587 2274 1996 2342 concessimus
2026 2286 2090 2339 et
2126 2274 2244 2339 hac
2273 2274 2545 2362 presenti
2573 2289 2741 2340 carta
2767 2290 2975 2340 nostra
3001 2276 3391 2341 confirmavi-

619 2403 758 2445 mus
780 2380 982 2445 Priori
1014 2394 1077 2445 et
1104 2381 1441 2445 conventui
1468 2380 1770 2446 Omnium
1798 2381 2165 2446 Sanctorum
2187 2381 2377 2465 juxta
2408 2380 2651 2447 Dublin
2681 2406 2870 2447 unam
2900 2406 3101 2447 acram
3134 2396 3291 2447 terre
3320 2384 3391 2448 in

618 2496 973 2549 tenemento
1005 2485 1081 2549 de
1110 2484 1421 2573 Wykinlo
1449 2488 1642 2572 juxta
1677 2488 1888 2553 vicum
1919 2488 1998 2552 de
2029 2488 2330 2551 Punsalin
2372 2488 2440 2551 in
2488 2503 2660 2574 parte
2704 2488 3074 2555 occidentali
3108 2528 3119 2540 ·
3152 2490 3389 2555 scilicet

617 2588 790 2654 illam
813 2615 934 2676 que
955 2591 1126 2675 jacet
1145 2590 1307 2655 inter
1329 2610 1553 2657 terram
1576 2617 1698 2679 que
1721 2593 1841 2658 fuit
1861 2593 2023 2681 Elye
2043 2593 2487 2658 Cornubiensis
2508 2594 2577 2657 in
2598 2608 2770 2682 parte
2795 2594 3045 2661 australi
3068 2609 3130 2660 et
3158 2609 3385 2661 terram

618 2723 740 2785 que
767 2698 890 2764 fuit
917 2700 960 2764 J
963 2699 1222 2764 ohannis
1252 2699 1330 2764 de
1362 2699 1757 2789 Karmerdyn
1802 2701 1870 2766 in
1913 2715 2087 2790 parte
2133 2700 2355 2767 boriali
2389 2741 2401 2752 ·
2433 2701 2785 2768 habendam
2822 2716 2901 2786 'et
2944 2702 3277 2768 tenendam
3308 2703 3385 2768 de

618 2805 795 2871 nobis
817 2820 882 2872 et
907 2806 1238 2872 heredibus
1267 2807 1488 2871 nostris
1517 2808 1584 2870 in
1607 2832 1825 2896 puram
1855 2823 1918 2874 et
1941 2823 2305 2897 perpetuam
2334 2808 2733 2874 elemosinam
2754 2833 2867 2896 pro
2897 2808 3218 2873 animabus
3247 2831 3386 2872 nos-

617 2915 728 2980 tris
772 2930 837 2981 et
879 2931 1328 2981 antecessorum
1375 2929 1723 2980 nostrorum
1751 2915 1946 2981 libere
1990 2929 2054 2981 et
2099 2915 2309 3002 quiete
2352 2914 2627 3001 plenarie
2657 2927 2721 2979 et
2762 2913 3005 3001 integre
3032 2915 3194 2979 bene
3224 2926 3287 2978 et
3313 2913 3383 2976 in

617 3051 787 3113 pace.
874 3027 1221 3092 Reddendo
1249 3027 1397 3092 inde
1427 3027 1748 3092 annuatim
1786 3027 1964 3093 nobis
2001 3041 2066 3093 et
2091 3026 2425 3094 heredibus
2463 3028 2685 3092 nostris
2724 3051 2921 3092 unum
2951 3027 3275 3092 denarium
3304 3027 3385 3092 ad

615 3134 810 3198 Pasca
836 3157 950 3221 pro
980 3133 1150 3198 omni
1181 3131 1440 3198 servicio
1471 3133 1798 3198 exactione
1823 3147 1886 3199 et
1916 3133 2222 3199 demanda
2248 3134 2428 3199 nobis
2458 3147 2520 3198 et
2548 3133 2881 3199 heredibus
2909 3132 3379 3220 pertinentibus,

742 3238 873 3303 Nos
903 3263 1050 3304 vero
1081 3239 1346 3326 predicti
1375 3239 1734 3304 VVillelmus
1766 3239 1889 3304 Kel
1917 3253 1981 3305 et
2009 3240 2052 3304 J
2054 3239 2265 3304 uliana
2294 3241 2371 3304 de
2401 3238 2774 3326 Weyseford
2803 3254 2867 3304 et
2894 3239 3152 3304 heredes
3188 3240 3381 3304 nostri

614 3345 910 3432 predictis
933 3344 1136 3409 Priori
1165 3357 1230 3408 et
1257 3343 1594 3409 conventui
1623 3343 1902 3428 ejusdem
1931 3342 2054 3409 loci
2077 3343 2419 3429 predictam
2450 3367 2653 3408 acram
2681 3367 2795 3430 pro
2824 3344 3102 3432 predicto
3131 3344 3381 3409 redditu

614 3467 828 3518 contra
856 3477 1068 3518 omnes
1088 3452 1372 3518 homines
1394 3466 1457 3518 et
1477 3453 1736 3518 feminas
1765 3453 1834 3516 in
1860 3467 2233 3541 perpetuum
2263 3452 2815 3519 warentizabimus.
2904 3453 2996 3519 Ut
3024 3467 3231 3520 autem
3261 3455 3377 3521 hec

613 3573 820 3624 nostra
841 3558 1102 3624 donacio
1130 3557 1440 3623 concessio
1470 3571 1534 3622 et
1562 3557 1957 3623 confirmacio
1986 3558 2177 3622 robur
2211 3557 2641 3645 perpetuitatis
2682 3559 3002 3646 optineant
3030 3573 3375 3647 presentem

611 3678 844 3729 cartam
889 3663 1236 3752 sigillorum
1281 3677 1629 3729 nostrorum
1657 3664 2056 3752 impressione
2085 3663 2346 3730 firmiter
2388 3665 2933 3730 corroboravimus,
3022 3665 3167 3730 Hiis
3205 3666 3376 3732 testi-

612 3773 729 3837 bus
754 3811 766 3823 ·
793 3772 1062 3838 Ricardo
1091 3773 1264 3838 Albo
1289 3811 1304 3824 ·
1328 3773 1495 3861 Elya
1525 3773 1938 3839 Cornubiensi
1965 3811 1978 3825 ·
2002 3773 2046 3838 J
2049 3773 2291 3839 ohanne
2322 3773 2400 3837 de
2431 3772 2804 3838 Kermerdin
2832 3810 2844 3823 ·
2871 3773 3119 3840 Thoma
3147 3772 3333 3839 Pinel
3360 3811 3373 3823 ·

612 3879 759 3944 Ada
788 3879 944 3945 Hals
971 3918 985 3930 ·
1009 3879 1268 3947 Andrea
1294 3880 1557 3947 tinctore
1585 3881 1898 3972 preposito
1927 3894 2076 3947 tunc
2102 3919 2114 3931 -
2142 3880 2417 3946 Roberto
2446 3878 2670 3946 clerico
2700 3893 2763 3946 et
2792 3878 2944 3946 aliis·

695 4583 876 4629 msa
906 4583 1095 4629 Aaou.
1128 4583 1253 4629 soc.
1295 4587 1387 4628 10.
1966 4560 2020 4624 L
2970 4557 3362 4625 LXXXIII.
