4295 5410
2250 641 2341 708 66

2115 908 2483 980 LXXIII.

1690 1093 1804 1167 we
1834 1093 2088 1168 naahas
2118 1092 2301 1168 libtis
2337 1112 2457 1168 tm
2486 1099 2557 1168 uz
2590 1095 2916 1168 Quszatn.

1047 1281 1234 1346 Ciant
1261 1295 1574 1369 presentes
1611 1292 1676 1347 et
1700 1281 1896 1346 futuri
1926 1284 2096 1369 quod
2123 1309 2242 1373 ego
2270 1284 2631 1350 Willelmus
2660 1285 2931 1350 Bussard
2959 1285 3126 1350 filius
3154 1283 3502 1372 Angelardi
3532 1283 3693 1347 Bus-

1089 1389 1229 1454 sard
1257 1388 1403 1454 dedi
1433 1387 1704 1454 concessi
1734 1401 1798 1453 et
1826 1390 1942 1454 hac
1971 1391 2244 1477 presenti
2273 1403 2443 1456 carta
2469 1414 2609 1455 mea
2636 1390 3002 1456 confirmavi
3032 1391 3170 1455 Deo
3200 1402 3264 1454 et
3292 1391 3471 1454 beate
3490 1389 3691 1454 Marie

917 1507 982 1558 et
1010 1493 1227 1558 domui
1257 1491 1562 1558 Omnium
1596 1491 1965 1558 Sanctorum
1987 1493 2179 1578 juxta
2208 1493 2455 1559 Dublin
2491 1508 2554 1560 et
2586 1495 2899 1560 canonicis
2928 1494 3163 1560 ibidem
3194 1494 3332 1559 Deo
3369 1493 3692 1559 servienti-

917 1599 1033 1663 bus
1063 1599 1214 1663 duas
1252 1597 1440 1663 libras
1477 1620 1617 1662 cere
1656 1597 1979 1662 annuatim
2011 1635 2025 1648 ·
2058 1597 2355 1663 videlicet
2381 1622 2573 1663 unam
2603 1598 2825 1665 libram
2863 1599 3328 1686 percipiendam
3359 1599 3439 1663 ad
3466 1598 3691 1664 festum

913 1704 1371 1791 purificacionis
1400 1706 1579 1770 beate
1597 1703 1799 1769 Marie
1826 1717 1890 1769 et
1919 1704 2103 1770 aliam
2134 1705 2215 1769 ad
2242 1704 2469 1770 festum
2496 1704 2708 1770 Sancti
2732 1705 3075 1770 Michaelis.
3163 1706 3265 1770 Ita
3292 1722 3501 1770 tamen
3523 1706 3693 1790 quod

915 1810 1180 1897 predicti
1219 1810 1502 1876 canonici
1532 1811 1752 1876 domus
1782 1811 2088 1877 Omnium
2121 1812 2491 1877 Sanctorum
2530 1825 2730 1876 totum
2767 1812 2872 1896 jus
2919 1835 3100 1876 suum
3140 1810 3309 1896 quod
3336 1811 3691 1877 habuerunt

914 1920 1017 1986 vel
1045 1920 1273 1985 habere
1301 1930 1640 2007 potuerunt
1665 1919 1734 1982 in
1755 1921 1941 1984 bosco
1970 1918 2081 1983 illo
2111 1918 2191 1983 de
2221 1942 2346 2002 quo
2375 1917 2703 1982 contencio
2730 1916 2891 1982 facta
2912 1930 3045 1981 erat
3070 1916 3139 1979 in
3168 1929 3444 2004 tempore
3475 1917 3691 2003 Ange-

915 2027 1074 2092 lardi
1103 2027 1294 2115 patris
1323 2027 1446 2092 mei
1475 2027 1635 2091 mihi
1664 2040 1729 2091 et
1755 2026 2089 2093 heredibus
2118 2026 2274 2091 meis
2301 2024 2693 2091 relaxabunt.

1044 2130 1185 2219 Ego
1214 2155 1362 2196 vero
1390 2130 1710 2218 predictus
1731 2129 2092 2196 Willelmus
2121 2144 2187 2195 et
2213 2130 2473 2196 heredes
2502 2130 2627 2194 mei
2650 2128 2957 2216 predictas
2987 2129 3140 2194 duas
3168 2128 3354 2194 libras
3382 2152 3521 2194 cere
3551 2153 3688 2216 pre-

917 2235 1084 2300 dicte
1107 2234 1322 2300 domui
1345 2233 1650 2299 Omnium
1678 2233 2048 2298 Sanctorum
2069 2233 2151 2298 ad
2178 2233 2489 2321 predictos
2517 2234 2814 2299 terminos
2841 2234 2910 2297 in
2938 2248 3311 2322 perpetuum
3338 2234 3688 2321 persolvere

919 2342 1232 2407 debemus.
1323 2340 1411 2404 Et
1451 2352 1525 2404 ut
1564 2339 1682 2405 hec
1729 2363 1868 2405 mea
1895 2339 2159 2404 donacio
2204 2353 2270 2406 et
2313 2340 2624 2406 concessio
2652 2339 2878 2405 futuris
2915 2340 3297 2428 temporibus
3346 2340 3583 2406 stabilis
3626 2355 3691 2405 et

915 2449 1280 2515 inconcussa
1314 2460 1672 2535 permaneat
1708 2462 2058 2535 presentem
2105 2460 2337 2513 cartam
2384 2448 2573 2536 sigilli
2604 2448 2728 2514 mei
2756 2447 3103 2513 munimine
3148 2446 3455 2514 roboravi.
3544 2445 3690 2508 Hijs

919 2554 1178 2619 testibus
1211 2592 1223 2604 ·
1257 2553 1528 2618 Ricardo
1567 2553 1645 2617 de
1682 2553 1960 2641 Fynglas
1995 2591 2005 2602 ·
2040 2551 2340 2640 Philippo
2382 2553 2486 2619 del
2525 2553 2693 2618 Rath
2728 2593 2739 2605 ·
2772 2554 3057 2620 Waltero
3097 2555 3174 2619 de
3221 2554 3454 2620 Rublei
3488 2592 3499 2602 ·
3534 2552 3682 2618 Gal-

916 2660 1079 2725 frido
1110 2659 1379 2729 Bussard
1414 2697 1425 2710 ·
1457 2659 1716 2725 Andrea
1745 2658 1847 2724 del
1879 2658 2083 2725 Rathe
2117 2697 2130 2711 ·
2165 2659 2439 2725 Cristino
2470 2658 2531 2725 O
2552 2659 2852 2726 Murthan
2880 2674 2947 2726 et
2974 2660 3187 2727 multis
3216 2660 3367 2727 aliis,

2119 3006 2483 3081 LXXIV.

2059 3193 2175 3267 Ἐκ
2207 3192 2374 3267 Iffira
2407 3212 2547 3266 me.

1056 3381 1245 3447 Ciant
1271 3392 1584 3469 presentes
1620 3393 1685 3445 et
1711 3380 1908 3446 futuri
1939 3382 2109 3467 quod
2147 3406 2266 3471 ego
2297 3381 2608 3447 Cuenilda
2635 3382 2765 3448 filia
2792 3382 3055 3449 Henrici
3087 3383 3491 3471 Macgorman
3521 3406 3686 3447 com-

1095 3488 1272 3555 muni
1308 3512 1610 3554 consensu
1646 3488 1983 3575 proborum
2014 3487 2092 3552 de
2122 3487 2325 3552 Ponte
2372 3511 2457 3553 ex
2512 3500 2686 3575 parte
2716 3488 2920 3554 Midie
2961 3489 3108 3554 dedi
3152 3488 3425 3554 concessi
3471 3504 3534 3554 et
3569 3490 3688 3553 hac

921 3597 1192 3685 presenti
1219 3609 1388 3662 carta
1414 3596 1778 3664 confirmavi
1805 3619 1920 3684 pro
1950 3595 2157 3661 anima
2186 3596 2507 3684 Radulphi
2534 3595 2740 3661 fratris
2766 3597 2891 3663 mei
2914 3620 3105 3661 unam
3131 3596 3356 3661 libram
3384 3619 3521 3661 cere
3550 3594 3689 3660 Pri-

924 3704 1123 3769 oratui
1147 3702 1451 3768 Omnium
1483 3702 1856 3769 Sanctorum
1887 3700 2131 3767 Dublin
2166 3741 2177 3751 ·
2212 3702 2533 3767 annuatim
2564 3702 3029 3790 percipiendam
3057 3701 3136 3768 ad
3163 3725 3347 3789 pasca
3373 3702 3442 3764 in
3470 3724 3689 3788 puram

923 3826 988 3875 et
1015 3822 1380 3897 perpetuam
1408 3808 1808 3873 elemosinam
1837 3831 1950 3895 pro
1981 3808 2247 3873 clamore
2276 3822 2590 3874 contracto
2619 3808 2783 3873 inter
2820 3834 2920 3873 me
2950 3821 3014 3873 et
3042 3807 3381 3873 Ricardum
3411 3807 3693 3872 Priorem

923 3916 1240 4003 quondam
1277 3913 1555 3999 ejusdem
1584 3913 1706 3979 loci
1738 3953 1751 3964 ·
1783 3914 2117 3979 tenendam
2156 3927 2220 3979 et
2254 3914 2605 3981 habendam
2636 3915 2715 3979 de
2753 3938 2854 3979 me
2894 3929 2957 3978 et
2996 3912 3327 3977 heredibus
3364 3914 3517 3977 meis
3554 3926 3697 3999 post

925 4048 1044 4087 me.

937 4203 942 4207 ⁴
1054 4129 1196 4217 Ego
1235 4127 1544 4213 siquidem
1589 4140 1653 4194 et
1680 4128 1938 4195 heredes
1984 4129 2108 4195 mei
2147 4128 2493 4216 predictam
2521 4128 2743 4194 libram
2782 4152 2919 4194 cere
2950 4126 3114 4192 dicte
3145 4125 3360 4190 domui
3390 4124 3691 4189 Omnium

931 4237 1298 4301 Sanctorum
1327 4232 1570 4298 Dublin
1609 4234 2145 4300 warantizabimus
2191 4246 2256 4298 et
2294 4233 2463 4320 quod
2491 4232 2875 4320 persolvatur
2918 4230 3241 4297 annuatim
3286 4230 3365 4295 ad
3408 4254 3589 4317 pasca
3616 4230 3695 4294 de

922 4340 1138 4406 decem
1185 4338 1340 4405 acris
1378 4351 1538 4403 terre
1578 4363 1728 4424 quas
1759 4340 2129 4427 Radulphus
2158 4338 2345 4405 frater
2389 4364 2563 4406 meus
2592 4338 2919 4405 Willelmo
2950 4338 3233 4405 Culkard
3270 4352 3413 4403 ante
3454 4337 3693 4403 obitum

925 4472 1107 4513 suum
1135 4447 1499 4513 invadiavit.
1587 4446 1675 4511 Et
1703 4460 1775 4512 ut
1801 4446 1918 4513 hec
1957 4472 2098 4515 mea
2127 4447 2388 4513 donacio
2427 4460 2491 4513 et
2527 4446 2837 4513 concessio
2871 4446 2941 4511 in
2980 4459 3295 4533 posterum
3338 4455 3470 4508 rata
3512 4441 3592 4507 sit
3632 4456 3697 4507 et

3338 4572 3699 4615 mconcussa
