4295 5410
1979 652 2070 728 35

620 811 950 880 Michaelis
987 825 1052 878 et
1080 810 1268 877 aliam
1306 809 1703 878 medietatem
1742 811 1823 876 ad
1851 810 2076 876 festum
2105 810 2344 876 Pasche
2371 834 2486 898 pro
2516 810 2804 877 omnibus
2832 809 3105 878 serviciis
3136 809 3393 876 actioni·

617 919 733 984 bus
779 931 844 983 et
873 916 1213 982 demandia
1303 915 1391 980 Et
1440 914 1492 980 si
1531 914 1856 1002 contingat
1898 915 2210 1003 predictos
2252 913 2573 982 Simonem
2622 929 2687 983 et
2731 916 2940 983 Eliam
2984 917 3242 983 heredes
3287 918 3391 982 vel

616 1023 953 1112 assignatos
993 1046 1134 1088 suos
1163 1021 1242 1087 de
1287 1021 1601 1089 solucione
1639 1022 1919 1087 redditus
1957 1022 2224 1110 predicti
2253 1046 2365 1110 per
2402 1047 2601 1088 unum
2646 1047 2921 1089 mensem
2950 1037 3089 1112 post
3116 1024 3391 1109 aliquem

616 1129 953 1195 terminum
993 1127 1416 1218 predictorum
1457 1129 1865 1195 terminorum
1903 1155 1940 1196 a
1977 1142 2140 1195 retro
2171 1129 2438 1195 existere
2472 1167 2487 1182 ·
2518 1129 2690 1216 quod
2718 1153 2801 1195 ex
2840 1143 2989 1195 tunc
3017 1131 3177 1196 bene
3206 1129 3391 1194 liceat

615 1235 911 1324 predictis
951 1235 1153 1301 Priori
1183 1248 1249 1300 et
1274 1237 1613 1301 conventui
1659 1249 1723 1301 et
1767 1260 1985 1302 eorum
2030 1236 2479 1303 successoribus
2507 1235 2857 1323 predictum
2886 1236 3217 1324 gardinum
3244 1259 3391 1302 cum

616 1341 1014 1432 pertinenciis
1041 1342 1289 1432 ingredi
1332 1356 1397 1409 et
1435 1342 1596 1408 illud
1639 1343 1896 1432 pacifice
1941 1343 2207 1410 retinere
2250 1345 2383 1410 sine
2430 1343 2915 1410 contradictione
2945 1342 3126 1428 alicuj
3134 1366 3222 1406 us.
3310 1341 3389 1406 In

617 1451 796 1536 cujus
823 1449 913 1514 rei
939 1447 1364 1514 testimonium
1393 1449 1668 1538 sigillum
1697 1473 2027 1516 commune
2049 1450 2361 1516 dictorum
2383 1449 2615 1516 Prioris
2644 1463 2708 1516 et
2727 1463 3069 1517 conventus
3100 1461 3163 1514 et
3190 1447 3393 1536 sigilla

619 1556 1038 1643 predictorum
1072 1553 1344 1620 Simonis
1391 1571 1455 1622 et
1496 1553 1637 1620 Elie
1666 1553 1815 1620 huic
1844 1553 2177 1620 indenture
2218 1554 2567 1620 alternatim
2596 1569 2740 1621 sunt
2777 1577 3064 1643 appensa.
3151 1553 3389 1618 Datum

623 1661 724 1728 die
753 1676 818 1729 et
846 1688 1008 1729 anno
1037 1663 1424 1752 supradictis.

1831 1897 2177 1972 XXXII.

1675 2057 1790 2134 De
1824 2063 2024 2133 tantm
2059 2059 2334 2150 gammo.

826 2226 944 2292 EC
989 2225 1324 2293 indentura
1352 2226 1513 2294 facta
1541 2225 1644 2291 die
1675 2224 1856 2290 Lune
1887 2225 2177 2312 proximo
2224 2237 2367 2290 ante
2397 2223 2622 2290 festum
2662 2222 3077 2313 apostolorum
3106 2219 3389 2311 Philippi

868 2349 931 2399 et
958 2335 1002 2399 J
1004 2334 1181 2399 scobi
1211 2357 1372 2398 anno
1401 2331 1579 2420 regni
1607 2331 1772 2419 regis
1800 2330 2065 2397 Henrici
2094 2330 2301 2415 quarti
2329 2343 2508 2397 sexto
2536 2331 2699 2396 inter
2720 2332 3000 2396 Priorem
3028 2344 3093 2397 et
3118 2354 3389 2396 conven-

619 2453 756 2506 tum
785 2440 1044 2508 ecclesie
1067 2439 1372 2505 Omnium
1405 2438 1772 2505 Sanctorum
1794 2439 1986 2523 juxta
2014 2437 2258 2504 Dublin
2278 2461 2365 2503 ex
2392 2460 2519 2503 una
2537 2450 2713 2524 parte
2734 2450 2800 2503 et
2828 2435 3140 2501 Thomam
3165 2435 3391 2500 Schor-

624 2547 762 2612 talis
789 2546 1084 2612 clericum
1113 2569 1199 2610 ex
1228 2545 1419 2612 altera
1451 2584 1464 2597 ·
1496 2545 1796 2626 testa[tur
1824 2548 1993 2632 quod
2008 2545 2290 2629 predicti
2318 2545 2549 2629 Prior]
2582 2556 2647 2607 et
2684 2556 3027 2608 conventus
3055 2541 3134 2607 de
3176 2564 3392 2606 eorum

623 2676 868 2720 assensu
912 2665 977 2718 et
1021 2675 1323 2719 consensu
1370 2652 1810 2739 d[imise]runt
1854 2665 1918 2719 et
1968 2651 2047 2717 ad
2097 2651 2341 2718 firmam
2386 2650 2778 2717 tradiderunt
2828 2650 3106 2738 predicto
3145 2649 3391 2715 Thome

621 2781 734 2844 pro
779 2756 1042 2823 servicio
1070 2780 1180 2822 suo
1210 2757 1299 2823 eis
1325 2755 1608 2843 impenso
1655 2768 1719 2821 et
1745 2755 2167 2841 impendendo
2212 2778 2411 2821 unum
2440 2755 2773 2843 gardinum
2818 2779 2963 2820 cum
2992 2754 3389 2842 pertinenciis

622 2862 691 2927 in
733 2861 1032 2927 suburbio
1061 2860 1331 2927 civitatis
1361 2858 1606 2925 Dublin
1638 2897 1650 2910 ·
1684 2860 1854 2945 quod
1873 2860 2044 2944 jacet
2071 2884 2157 2925 ex
2208 2860 2491 2947 opposito
2537 2860 2801 2948 pomerii
2830 2885 3029 2947 nuper
3058 2859 3390 2925 Laurencii

630 2966 876 3055 Wylby
897 2967 1088 3052 juxta
1125 2966 1338 3031 vicum
1384 2991 1508 3052 quo
1546 2966 1675 3031 itur
1720 2967 1797 3032 ab
1828 2965 2088 3033 ecclesia
2127 2966 2341 3032 Sancti
2381 2966 2638 3033 Patricii
2668 2966 2750 3033 ad
2779 2965 2995 3031 fratres
3025 2966 3387 3032 Carmelita-

623 3096 736 3138 nos
779 3096 864 3138 ex
913 3086 1086 3159 parte
1121 3070 1343 3137 boriali
1389 3072 1492 3138 vie
1525 3110 1538 3124 ·
1571 3072 1742 3159 quod
1770 3072 1965 3159 Hugo
2007 3071 2349 3160 Possewyk
2389 3073 2704 3158 quondam
2747 3071 2968 3138 habuit
3024 3072 3105 3137 ad
3148 3070 3391 3137 firmam

627 3179 704 3244 de
733 3178 1029 3266 predictis
1057 3177 1274 3244 Priore
1325 3191 1389 3244 et
1426 3192 1741 3245 conventu
1773 3216 1787 3229 ·
1817 3179 2179 3245 habendum
2224 3192 2289 3245 et
2325 3179 2667 3245 tenendum
2711 3179 2991 3267 predicto
3022 3177 3268 3243 Thome
3312 3178 3393 3243 ad

624 3284 962 3350 terminum
983 3284 1242 3373 triginta
1263 3309 1566 3351 annorum
1589 3286 1874 3374 proxime
1897 3286 2300 3371 sequencium
2317 3286 2525 3352 datam
2547 3286 2947 3353 confectionis
2968 3282 3356 3373 presencium
3378 3321 3390 3333 ·

627 3388 975 3456 Reddendo
1018 3389 1166 3455 inde
1213 3390 1533 3455 annuatim
1579 3390 1893 3478 predictus
1929 3390 2205 3455 Thomas
2250 3390 2545 3478 predictis
2591 3389 2795 3456 Priori
2838 3403 2902 3457 et
2946 3388 3284 3455 conventui
3329 3402 3393 3453 et

626 3494 1074 3561 successoribus
1103 3493 1228 3559 suis
1257 3517 1448 3559 unam
1475 3518 1675 3559 rosam
1708 3532 1722 3546 ·
1754 3494 2050 3560 videlicet
2077 3495 2159 3561 ad
2187 3496 2511 3581 quodlibet
2538 3496 2763 3561 festum
2806 3496 3146 3561 nativitatis
3180 3495 3392 3561 Sancti

625 3599 670 3666 J
672 3597 932 3665 ohannis
960 3598 1242 3686 Baptiste
1270 3622 1384 3689 pro
1413 3598 1585 3663 omni
1613 3598 1873 3663 servicio
1911 3597 2155 3664 actione
2193 3612 2259 3665 et
2288 3600 2593 3665 demanda
2623 3637 2638 3651 ·
2671 3599 2771 3665 Ita
2797 3600 2967 3685 quod
2994 3600 3046 3664 si
3074 3599 3397 3688 contingat

625 3705 978 3794 predictum
1009 3704 1322 3770 Thomam
1342 3704 1509 3770 infra
1537 3704 1874 3769 terminum
1903 3704 2325 3791 predictorum
2354 3705 2613 3793 triginta
2641 3729 2945 3770 annorum
2976 3705 3147 3771 obire
3180 3744 3193 3756 ·
3226 3706 3395 3791 quod

628 3825 780 3877 tunc
799 3812 960 3877 bene
977 3810 1164 3876 liceat
1185 3810 1478 3897 predictis
1506 3810 1708 3875 Priori
1731 3822 1795 3875 et
1815 3810 2154 3876 conventui
2175 3824 2239 3876 et
2255 3835 2471 3877 eorum
2499 3811 2945 3878 successoribus
2974 3811 3040 3876 in
3064 3812 3394 3900 gardinum

629 3916 981 4004 predictum
1009 3916 1256 4004 ingredi
1285 3930 1349 3981 et
1376 3916 1535 3980 illud
1563 3917 1856 3981 rehabere
1886 3930 1950 3981 et
1987 3915 2297 4003 possidere
2348 3917 2579 4002 absque
2625 3916 3112 3983 contradictione
3141 3916 3395 4002 aliquali

631 4046 740 4087 seu
769 4021 1028 4108 alicujus
1048 4021 1517 4109 impedimento.
1605 4022 1693 4109 Et
1720 4022 1984 4111 predicti
2015 4022 2197 4088 Prior
2225 4035 2288 4090 et
2317 4036 2661 4089 conventus
2688 4035 2753 4089 et
2780 4048 2994 4088 eorum
3023 4047 3396 4090 successores

626 4127 1115 4192 warentizabunt
1158 4126 1438 4214 predicto
1468 4126 1715 4191 Thome
1764 4126 2096 4215 gardinum
2146 4126 2497 4213 predictum
2542 4140 2615 4191 ut
2659 4126 3011 4215 predictum
3049 4142 3141 4193 est
3177 4142 3391 4193 contra

628 4254 1049 4318 quoscumque
1077 4232 1339 4297 durante
1380 4232 1646 4297 termino
1674 4231 1972 4320 predicto.
2060 4232 2140 4297 In
2180 4232 2357 4317 cujus
2384 4232 2475 4297 rei
2497 4231 2919 4298 testimonium
2964 4247 3092 4299 tam
3120 4234 3393 4321 sigillum

629 4363 959 4406 commune
987 4340 1408 4427 predictorum
1439 4340 1670 4406 Prior-is
1698 4355 1762 4407 et
1789 4352 2132 4406 conventus
2163 4363 2350 4427 quam
2379 4339 2653 4429 sigillum
2682 4340 2949 4428 predicti
2980 4340 3225 4406 Thome
3255 4364 3391 4428 pre-

627 4448 905 4516 sentibus
933 4448 1280 4515 alternatim
1311 4461 1457 4513 sunt
1483 4472 1770 4537 appensa.
1858 4447 2096 4511 Datum
2126 4445 2229 4511 die
2258 4459 2322 4511 et
2350 4469 2513 4511 anno
2542 4444 2925 4533 supradictis.

1935 4550 1990 4615 F
2023 4572 2058 4617 2
3054 4546 3389 4611 XXXIII.
