4295 5410
2290 642 2378 705 14

1071 793 1420 859 Edwardus
1450 793 1573 861 Dei
1601 795 1810 884 gracia
1839 795 1984 863 Rex
2012 797 2252 886 Anglie
2281 813 2345 864 et
2373 798 2637 865 Francie
2667 811 2734 864 et
2762 798 3051 864 dominus
3080 798 3389 866 Hibernie
3428 799 3719 866 omnibus

943 903 1023 968 ad
1063 927 1215 989 quos
1245 918 1556 992 presentes
1584 906 1762 972 litere
1791 909 2193 994 pervenerint
2236 911 2517 975 salutem.
2606 909 3007 997 Inspeximus
3052 923 3285 975 cartam
3316 908 3556 974 domini
3586 908 3718 972 Ed-

943 1008 1139 1073 wardi
1168 1034 1369 1097 nuper
1398 1010 1561 1098 regis
1599 1011 1838 1099 Anglie
1883 1012 1986 1077 avi
2033 1015 2227 1078 nostri
2262 1013 2330 1078 in
2358 1015 2477 1080 hec
2508 1015 2712 1080 verba.
2802 1015 3151 1079 Edwardus
3182 1014 3306 1080 Dei
3334 1014 3545 1103 gracia
3572 1015 3717 1080 Rex

940 1115 1178 1204 Anglie
1199 1115 1486 1181 dominus
1506 1116 1812 1184 Hibernie
1835 1131 1900 1184 et
1921 1118 2055 1184 dux
2072 1120 2465 1206 Aquitannie
2488 1159 2501 1172 ·
2521 1120 3028 1208 Archiepiscopis
3058 1120 3365 1208 episcopis
3393 1119 3720 1186 abbatibus

945 1221 1254 1308 prioribus
1299 1223 1631 1290 comitibus
1667 1226 2002 1292 baronibus
2032 1227 2395 1312 justiciariis
2439 1227 2913 1294 vicecomitibus
2956 1228 3284 1317 prepositis
3322 1228 3619 1293 ministris
3657 1243 3721 1292 et

943 1328 1232 1394 omnibus
1260 1328 1508 1394 ballivis
1548 1345 1612 1396 et
1639 1331 1930 1398 fidelibus
1959 1333 2085 1398 suis
2125 1334 2407 1399 salutem.
2496 1333 2898 1422 Inspeximus
2937 1351 3169 1400 cartam
3202 1358 3389 1420 quam
3428 1335 3718 1400 dominus

944 1431 1258 1498 Henricus
1281 1437 1595 1520 quondam
1617 1438 1758 1502 Rex
1781 1439 2019 1528 Anglie
2050 1465 2316 1528 proavus
2345 1455 2552 1508 noster
2568 1441 2717 1508 feeit
2744 1441 3001 1508 ecclesie
3022 1441 3327 1507 Omnium
3348 1441 3717 1507 Sanctorum

943 1537 1012 1602 in
1041 1538 1329 1605 orientali
1357 1557 1534 1629 parte
1563 1543 1806 1610 Dublin
1829 1560 1894 1612 et
1914 1547 2228 1614 canonicis
2256 1549 2495 1616 ibidem
2517 1551 2656 1614 Deo
2679 1547 3091 1614 servientibus
3124 1585 3138 1599 ·
3170 1547 3237 1612 in
3259 1547 3377 1612 hec
3408 1548 3615 1612 verba.

1073 1643 1387 1712 Henricus
1417 1646 1540 1713 Dei
1583 1649 1792 1736 gracia
1821 1651 1966 1716 Rex
1997 1652 2241 1741 Anglie
2286 1653 2574 1719 dominus
2603 1653 2913 1720 Hibernie
2958 1667 3021 1720 et
3060 1654 3193 1718 dux
3228 1653 3293 1718 N
3294 1654 3613 1720 ormannie
3656 1667 3722 1720 et

945 1749 1338 1834 Aquitannie
1379 1765 1442 1816 et
1471 1775 1675 1818 comes
1707 1754 2082 1843 Andegavie
2115 1794 2129 1809 ·
2160 1756 2668 1845 Archiepiscopis
2696 1757 3002 1845 episcopis
3032 1758 3359 1823 abbatibus
3388 1757 3720 1825 comitibus

943 1854 1278 1922 baronibus
1297 1855 1661 1940 justiciariis
1689 1858 2164 1927 vicecomitibus
2200 1874 2265 1927 et
2293 1861 2581 1928 omnibus
2618 1862 2916 1928 ministris
2944 1877 3010 1930 et
3036 1862 3327 1929 fidelibus
3364 1864 3490 1930 suis
3521 1865 3717 1931 Fran·

941 1961 1054 2028 ciis
1084 1963 1373 2052 Anglicis
1409 1979 1474 2032 et
1516 1965 2040 2034 Hiberniensibus
2076 1969 2357 2034 salutem.
2450 1970 2671 2035 Sciatis
2716 1994 2818 2035 me
2851 1969 3092 2036 dedisse
3139 1983 3205 2034 et
3242 1969 3608 2036 concessisse
3654 1985 3719 2036 et

945 2069 1063 2135 hac
1093 2083 1260 2136 carta
1287 2095 1426 2136 mea
1453 2072 1844 2138 confirmasse
1873 2073 2130 2139 ecclesie
2149 2073 2451 2138 Omnium
2475 2074 2843 2140 Sanctorum
2871 2074 2940 2138 in
2970 2073 3255 2139 orientali
3283 2087 3457 2161 parte
3477 2072 3720 2139 Dublin

946 2187 1012 2240 et
1039 2175 1352 2241 canonicis
1379 2175 1616 2243 ibidem
1649 2175 1789 2241 Deo
1837 2175 2249 2243 servientibus
2277 2176 2389 2242 has
2420 2189 2609 2242 terras
2652 2176 2891 2242 scilicet
2921 2215 2934 2228 ·
2968 2177 3469 2265 Balencongalan
3501 2215 3514 2228 ·
3550 2177 3722 2241 Kan-

945 2296 1083 2347 turc
1105 2320 1117 2333 ·
1141 2282 1512 2348 Duncarnac
1533 2322 1546 2335 ·
1567 2282 1982 2372 Baledubgall
2005 2321 2017 2334 ·
2039 2284 2429 2372 Rubanagan
2450 2322 2463 2333 ·
2490 2283 2889 2348 Cnoclislann
2923 2323 2935 2334 ·
2963 2283 3325 2348 Kaldronan
3359 2321 3371 2334 -
3403 2282 3470 2348 in
3500 2305 3719 2370 perpe-

945 2403 1118 2454 tuam
1141 2400 1206 2454 et
1226 2413 1446 2477 puram
1473 2389 1875 2454 elemosinam
1897 2413 2012 2476 pro
2040 2389 2237 2456 salute
2260 2388 2465 2454 anime
2493 2413 2633 2455 mee
2662 2402 2727 2454 et
2748 2403 3199 2455 antecessorum
3228 2412 3510 2455 meorum
3536 2426 3550 2440 ·
3572 2413 3721 2454 cum

945 2492 1204 2559 decimis
1250 2507 1315 2559 et
1351 2493 1623 2580 antiquis
1652 2495 1936 2560 terminis
1981 2508 2046 2561 et
2083 2495 2221 2561 aliis
2248 2495 2461 2562 liberis
2498 2495 3051 2562 consuetudinibus
3096 2495 3222 2560 suis
3256 2535 3269 2548 ·
3300 2495 3462 2562 sicut
3498 2494 3721 2560 melius

945 2611 1089 2662 ante
1136 2596 1476 2662 adventum
1518 2621 1734 2662 meum
1772 2597 1842 2663 in
1873 2596 2246 2664 Hiberniam
2274 2598 2516 2666 habuit.
2604 2599 2813 2680 Quare
2858 2599 3003 2664 volo
3050 2614 3123 2665 et·
3141 2599 3403 2665 firmiter
3441 2599 3719 2687 precipio

942 2701 1113 2788 quod
1141 2700 1441 2790 prefatam
1470 2702 1794 2769 ecclesiam
1825 2718 1890 2769 et
1915 2701 2245 2769 canonicos
2290 2726 2430 2767 suos
2458 2715 2523 2768 et
2551 2726 2764 2769 omnes
2808 2727 2905 2769 res
2942 2717 3008 2769 et
3034 2718 3227 2769 terras
3262 2728 3399 2769 suas
3437 2718 3719 2771 manute-

943 2808 1140 2875 neatis
1169 2822 1234 2875 et
1262 2808 1622 2875 custodiatis
1651 2822 1715 2875 et
1744 2810 2083 2898 protegatis
2113 2847 2128 2861 ·
2161 2808 2398 2875 nullam
2427 2808 2547 2875 sibi
2574 2810 2641 2876 in
2670 2811 2853 2876 rebus
2889 2810 3016 2876 suis
3044 2810 3340 2896 injuriam
3368 2809 3471 2875 vel
3498 2824 3717 2875 contu-

943 2913 1196 2981 meliam
1237 2913 1530 2979 facientes
1572 2939 1688 2981 nec
1738 2916 1815 2980 ab
1865 2914 2072 3000 aliquo
2111 2914 2249 2981 fieri
2294 2914 2738 3003 permittentes.
2829 2915 2941 2982 Set
2977 2916 3030 2981 si
3068 2915 3207 3002 quis
3244 2916 3363 2981 sibi
3402 2916 3470 2981 in
3508 2916 3718 3002 aliquo

942 3018 1291 3085 forefecerit
1319 3020 1660 3107 plenariam
1702 3021 1853 3087 inde
1901 3022 2034 3089 sine
2067 3022 2377 3089 dilacione
2396 3022 2713 3108 justiciam
2752 3022 2991 3089 faciatis
3022 3062 3037 3077 ·
3070 3038 3135 3089 et
3173 3023 3543 3112 permittatis
3580 3047 3719 3112 pre-

945 3123 1176 3189 dictam
1206 3123 1530 3189 ecclesiam
1557 3125 1787 3191 habere
1827 3148 2039 3191 omnes
2069 3126 2375 3212 predictas
2404 3139 2593 3191 terras
2634 3139 2700 3191 et
2726 3128 3134 3214 possessiones
3162 3143 3228 3194 et
3256 3152 3468 3194 omnes
3494 3128 3719 3195 liberas

943 3241 1009 3295 et
1053 3226 1337 3312 antiquas
1395 3228 1878 3293 consuetudines
1919 3242 1985 3295 et
2021 3227 2337 3295 libertates
2382 3253 2519 3295 suas
2550 3267 2565 3281 ·
2597 3230 2758 3298 sicut
2800 3231 3023 3297 melius
3070 3246 3135 3299 et
3181 3234 3425 3321 plenius
3456 3235 3721 3303 Dermot

946 3356 1064 3399 rex
1093 3332 1370 3421 Lagenie
1398 3334 1706 3421 predictas
1735 3348 1927 3401 terras
1955 3335 2233 3423 predicte
2271 3336 2527 3403 ecclesie
2572 3353 2715 3405 ante
2762 3338 3101 3405 adventum
3148 3364 3360 3406 meum
3388 3339 3456 3404 in
3486 3340 3721 3407 Hiber-

946 3438 1118 3503 niam
1141 3438 1399 3503 donavit
1430 3477 1443 3490 ·
1476 3454 1540 3505 et
1565 3440 1792 3506 liberas
1821 3442 2299 3508 consuetudines
2328 3457 2392 3509 et
2410 3442 2723 3510 libertates
2769 3447 3088 3514 concessit.
3179 3447 3472 3512 Testibus
3505 3486 3519 3499 ·
3550 3446 3719 3511 Lau-

947 3544 1158 3610 rencio
1189 3544 1430 3609 Dublin
1463 3546 1927 3634 archiepiscopo
1958 3584 1972 3597 ·
2005 3548 2229 3613 Edano
2258 3548 2433 3637 Lug:
2464 3550 2753 3640 episcopo
2786 3589 2799 3602 ·
2832 3552 2910 3616 R.
2952 3552 3181 3618 comite
3212 3552 3430 3617 Destr:
3465 3590 3478 3603 ·
3512 3552 3599 3617 H.
3640 3552 3718 3617 de

948 3650 1152 3738 Lascy
1186 3688 1198 3701 ·
1232 3650 1308 3714 R.
1351 3650 1429 3716 de
1451 3652 1719 3718 VVarner
1751 3691 1766 3705 ·
1799 3654 2074 3720 Roberto
2112 3655 2337 3721 Poerio
2371 3694 2385 3707 ·
2416 3656 2741 3723 Willelmo
2786 3658 3152 3724 cancellario
3202 3683 3343 3724 meo
3392 3670 3457 3724 et
3504 3658 3719 3723 multis

947 3755 1082 3823 aliis
1113 3755 1281 3843 apud
1311 3755 1571 3823 Dublin.

1075 3861 1208 3927 Nos
1246 3875 1454 3928 autem
1492 3864 1900 3933 donacionem
1927 3868 2387 3941 concessionem
2415 3881 2479 3935 et
2504 3869 3047 3937 confirmacionem
3076 3868 3382 3961 predictas
3418 3880 3579 3933 ratas
3607 3867 3716 3933 ha-

944 3969 1161 4035 benoes
1183 3980 1248 4033 et
1266 3982 1470 4057 gratas
1503 4006 1516 4020 ·
1548 3995 1648 4036 eas
1671 3996 1783 4059 pro
1812 3972 1992 4038 nobis
2021 3987 2088 4039 et
2106 3974 2441 4042 heredibus
2470 3975 2692 4040 nostris
2722 3975 2997 4063 predicte
3026 3973 3283 4041 ecclesie
3313 3988 3378 4039 et
3406 3972 3719 4040 canonicis

945 4072 1183 4149 ibidem
1207 4072 1345 4139 Deo
1375 4074 1784 4143 servientibus
1831 4090 1896 4142 et
1931 4100 2144 4142 eorum
2188 4078 2637 4144 successoribus
2682 4080 3079 4145 concedimus
3126 4093 3191 4144 et
3234 4078 3669 4144 confirmamus
3700 4115 3713 4129 ·

944 4178 1106 4244 sicut
1133 4191 1302 4243 carta
1329 4179 1607 4266 predicta
1639 4181 2090 4247 rationabiliter
2111 4196 2387 4249 testatur.
2432 4184 2579 4249 Hiis
2606 4185 2867 4250 testibus
2888 4223 2901 4235 ·
2923 4183 3405 4251 Venerabilibus
3434 4183 3715 4271 patribus

949 4284 1026 4354 R..
1040 4283 1320 4349 Bathon:
1344 4300 1408 4351 et
1428 4285 1712 4353 Wellen:
1740 4325 1754 4338 ·
1773 4288 1858 4352 A.
1879 4288 2271 4357 Dunolmen:
2295 4306 2359 4357 et
2376 4291 2439 4358 J.
2451 4290 2670 4357 Elien:
2693 4290 2998 4378 episcopis
3020 4329 3033 4342 ·
3047 4290 3370 4357 Willelmo
3389 4290 3467 4355 de
3478 4290 3717 4357 Valen-

951 4391 1050 4459 cia
1096 4392 1404 4458 avunculo
1450 4406 1659 4458 nostro
1691 4430 1706 4445 ·
1739 4392 2016 4459 Henrico
2046 4393 2125 4459 de
2157 4394 2359 4483 Lascy
2394 4394 2621 4460 comite
2651 4393 2916 4461 Lincoln
2948 4432 2963 4447 ·
2994 4394 3281 4461 Roberto
3298 4394 3377 4463 de
3408 4394 3670 4464 Tibotot
3702 4429 3717 4449 ·

3422 4503 3466 4567 J
3469 4502 3714 4567 ohanne
