4295 5410
1940 666 2074 739 115

1777 826 1837 883 P
1959 844 1982 885 1
2032 872 2048 895 ‚
2075 827 2192 887 line
2216 828 2303 887 16.

725 933 848 991 Ade
862 937 1104 1012 episcopi
1129 936 1726 997 Fernmisf-Adnm
1752 939 1826 999 de
1835 844 2285 1017 ‘llgdrtlsiamptom
2317 938 2535 1017 Bishop
2560 941 2713 999 from
2748 959 2771 998 1
2784 957 2849 1018 31
2862 958 2894 999 2
2924 950 2987 1001 to
3024 960 3047 999 1
3060 943 3191 1019 346.

1772 1116 1931 1193 Paqe
1955 1134 1978 1173 1
1987 1134 2042 1193 ς,
2070 1116 2186 1175 line
2206 1135 2239 1175 2
2246 1135 2301 1195 3.

723 1250 984 1327 Huqonis
997 1253 1521 1331 episcopa—Hugh
1544 1254 1616 1313 de
1632 1255 1928 1334 Lampon,
1958 1256 2177 1335 Bishop
2206 1258 2269 1317 of
2292 1259 2475 1317 Ferns
2504 1258 2654 1317 from
2690 1260 2837 1337 1258
2866 1270 2929 1317 to
2965 1262 3127 1321 1282.

1735 1440 1892 1517 Paye
1915 1441 2002 1512 16,
2024 1441 2141 1501 line
2170 1460 2192 1500 1
2205 1460 2256 1519 ς.

727 1575 787 1632 J.
813 1574 1126 1633 Fememis
1152 1574 1289 1653 (leye
1307 1576 1614 1655 Feruensi)
1639 1580 2143 1656 episcopa—John
2172 1581 2259 1640 St.
2278 1580 2457 1654 John,
2488 1581 2709 1659 Bishop
2744 1582 2811 1639 of
2830 1582 3012 1641 Ferns
3054 1582 3203 1639 from
3242 1600 3387 1658 1223

608 1684 672 1732 to
703 1692 866 1750 1243.

1736 1760 1894 1837 Paye
1917 1761 2004 1831 16,
2033 1760 2151 1821 line
2174 1778 2265 1836 27.

721 1894 1347 1975 Laderachbrim.—By
1375 1897 1475 1956 the
1499 1898 1796 1977 following
1821 1902 2037 1971 deorse,
2068 1901 2442 1979 Archbishop
2470 1902 2641 1960 Luke
2675 1901 2904 1959 erected
2940 1900 3042 1959 the
3079 1900 3301 1959 church
3330 1901 3396 1958 of

605 1993 997 2070 Laraghbrien
1026 1994 1402 2075 (Maynooth)
1433 1998 1560 2057 into
1599 2018 1632 2057 a
1674 2002 1933 2077 prebend
1973 2002 2040 2059 of
2074 2001 2175 2060 the
2214 1999 2525 2059 Cathedral
2569 2000 2635 2059 of
2663 2001 2751 2059 St.
2782 2000 3038 2059 Patrick.
3123 2000 3247 2059 The
3288 2020 3386 2077 pa-

605 2100 844 2167 tronage
882 2092 949 2149 of
967 2091 1086 2149 this
1119 2094 1377 2169 prebend
1402 2095 1453 2152 is
1480 2096 1603 2153 still
1629 2098 1921 2173 possessed
1946 2099 2029 2176 by
2055 2097 2159 2156 the
2188 2098 2364 2156 Duke
2401 2098 2469 2155 of
2488 2097 2769 2165 Leinster,
2797 2097 2900 2155 the
2934 2101 3387 2174 representative

612 2191 679 2247 of
697 2192 960 2252 Maurice
987 2194 1396 2253 Fitz-Gerald:

728 2296 765 2323 “
791 2290 1082 2349 Omnibus
1129 2293 1354 2353 Christi
1406 2295 1706 2355 Fidelibus
1749 2298 1824 2355 ad
1868 2318 2014 2374 quos
2069 2318 2305 2375 presens
2350 2297 2635 2373 scriptum
2680 2296 3013 2373 pervenerit
3052 2297 3241 2355 Lucas
3280 2298 3389 2355 Dei

608 2390 812 2449 Gratia
836 2392 1063 2449 Dublin
1091 2392 1578 2470 Archiepiscopus
1613 2395 1858 2453 salutem
1906 2404 2165 2454 eternam
2199 2395 2263 2453 in
2300 2394 2563 2453 Domino,
2644 2394 2703 2451 N
2705 2394 2941 2452 overitis
2983 2414 3087 2451 nos
3127 2394 3199 2451 de
3233 2413 3385 2451 com-

605 2490 770 2547 muni
797 2509 1080 2548 consensu
1120 2500 1180 2549 et
1217 2511 1454 2549 assensu
1479 2534 1805 2551 ........
1851 2494 2050 2551 decani
2089 2502 2150 2551 et
2165 2494 2409 2571 capituli
2448 2492 2638 2551 nostri
2664 2492 2864 2550 Sancti
2892 2493 3131 2549 Patricii
3160 2493 3385 2549 Dublin

605 2599 666 2646 et
691 2589 764 2647 de
780 2590 1082 2648 voluntate
1107 2602 1168 2648 et
1193 2610 1428 2649 assensu
1453 2592 1666 2649 nobilis
1685 2591 1799 2649 viri
1817 2591 2053 2649 Domini
2074 2590 2347 2649 Mauricii
2366 2590 2762 2648 Fitz-Geraldi
2788 2590 3021 2648 ecclesie
3046 2590 3117 2648 de
3136 2589 3385 2648 Lathed-

603 2690 793 2747 brune
834 2689 957 2748 veri
999 2690 1230 2766 patroni
1274 2709 1382 2766 pro
1429 2710 1488 2748 se
1533 2698 1593 2748 et
1634 2688 1948 2748 heredibus
2003 2689 2123 2747 suis
2172 2687 2253 2746 sic
2296 2688 2569 2746 statuisse
2609 2695 2670 2746 et
2712 2686 3003 2746 ordinasse
3037 2688 3191 2764 quod
3232 2687 3387 2746 dicta

603 2788 838 2846 ecclesia
862 2787 934 2846 de
959 2787 1374 2845 Lathedbrune
1399 2806 1533 2844 cum
1561 2787 1688 2862 ejus
1715 2787 2084 2864 pertinentiis
2125 2787 2197 2844 de
2238 2795 2429 2845 cetero
2476 2786 2555 2844 sit
2594 2786 2888 2862 prebenda
2921 2787 3155 2845 ecclesie
3189 2797 3385 2844 nostre

603 2887 804 2944 Sancti
830 2887 1070 2944 Patricii
1097 2887 1324 2945 Dublin
1365 2896 1426 2945 et
1451 2888 1607 2963 quod
1633 2889 1914 2964 Magister
1940 2887 2271 2945 Richardus
2295 2887 2367 2944 de
2395 2888 2613 2945 Corren
2656 2885 2811 2944 dicte
2846 2886 3079 2944 ecclesie
3106 2886 3177 2943 de
3202 2885 3384 2944 Lath-

599 2985 860 3045 edbrune
887 2987 1098 3046 Rector
1123 2997 1382 3065 tempore
1407 2989 1782 3048 confeccionis
1816 2990 2176 3066 presentium
2220 2997 2281 3048 et
2320 2989 2412 3047 sui
2438 2989 2501 3045 in
2528 2987 2723 3046 eadem
2752 2989 2989 3046 ecclesia
3030 3005 3382 3045 successores

600 3084 860 3160 ejusdem
885 3086 1116 3144 ecclesie
1145 3087 1344 3145 Sancti
1370 3087 1613 3145 Patricii
1656 3089 1776 3147 sint
1813 3090 2070 3147 canonici
2099 3089 2336 3148 stallum
2374 3089 2437 3145 in
2484 3087 2661 3145 choro
2701 3087 2893 3144 locum
2928 3087 2991 3144 in
3021 3085 3280 3161 capitulo
3320 3093 3382 3142 et

598 3184 789 3241 omnia
823 3184 950 3259 juri
992 3193 1052 3242 et
1093 3185 1392 3242 libertates
1419 3194 1480 3243 et
1505 3186 1894 3244 emolumenta
1936 3186 2088 3244 sicut
2116 3194 2177 3244 et
2202 3185 2303 3242 alii
2328 3184 2587 3242 canonici
2610 3184 2672 3240 in
2700 3183 2895 3241 eadem
2923 3183 3157 3240 ecclesia
3183 3180 3381 3240 Sancti

598 3282 837 3340 Patricii
875 3291 1156 3358 perpetuo
1205 3284 1500 3360 recepturi
1546 3293 1608 3342 et
1646 3284 1913 3342 habituri
1960 3285 2063 3360 qui
2109 3284 2286 3341 etiam
2326 3303 2501 3341 onera
2544 3282 2807 3358 ejusdem
2847 3280 3080 3340 ecclesie
3124 3280 3279 3338 sicut
3320 3289 3379 3337 et

597 3382 775 3440 ceteri
801 3382 1058 3439 canonici
1085 3384 1480 3441 sustinebunt.
1561 3385 1721 3441 Dicti
1745 3403 1884 3442 vero
1928 3384 2186 3442 canonici
2212 3402 2317 3460 per
2344 3382 2569 3440 dictum
2596 3382 2949 3440 Mauricium
2976 3390 3036 3438 et
3061 3381 3190 3456 ejus
3216 3379 3379 3438 here-

595 3479 694 3536 des
735 3479 1104 3555 presentandi
1129 3479 1414 3538 vicarium
1455 3480 1516 3538 in
1544 3481 1746 3539 ordine
1772 3481 2108 3540 diaconatus
2154 3483 2218 3539 in
2260 3482 2417 3540 dicta
2468 3482 2704 3540 ecclesia
2751 3483 2951 3540 Sancti
2996 3481 3241 3538 Patricii
3288 3481 3375 3538 in-

595 3575 829 3634 venient
880 3577 1240 3635 serviturum
1286 3597 1420 3636 cum
1467 3579 1596 3636 aliis
1623 3579 1777 3636 dicte
1803 3580 2036 3638 ecclesie
2059 3580 2291 3638 vicariis
2332 3578 2579 3637 similem
2618 3580 2681 3636 in
2707 3580 2977 3636 omnibus
3024 3579 3376 3638 emolumen-

595 3683 791 3732 torum
819 3681 1195 3750 sumpturum
1221 3676 1567 3751 porcionem.
1641 3675 1970 3734 statuimus
1995 3677 2236 3756 insuper
2254 3686 2314 3736 et
2339 3678 2732 3735 ordinavimus
2750 3679 2907 3753 quod
2922 3679 3381 3754 quotiescunque

597 3773 810 3830 dictam
855 3773 1148 3831 ecclesiam
1183 3773 1256 3832 de
1288 3773 1703 3832 Lathedbrune
1739 3795 1842 3852 per
1869 3795 1972 3834 nos
2012 3777 2223 3835 factam
2250 3777 2696 3834 Prebendariam
2738 3787 2810 3834 ut
2850 3777 3249 3854 supradictum
3290 3787 3379 3836 est

597 3891 797 3929 vacare
823 3871 1133 3948 contigerit
1159 3872 1353 3931 dictus
1375 3917 1648 3934 .......
1677 3877 1893 3934 nostris
1913 3917 2192 3935 .......
2221 3877 2293 3935 ad
2315 3877 2527 3935 dictam
2547 3877 2839 3934 ecclesiam
2866 3877 2938 3934 de
2964 3876 3379 3935 Lathedbrune

595 3971 826 4030 nomine
853 3972 1151 4030 Prebende
1177 3971 1472 4030 iidoneum
1497 3975 1933 4050 presentabunt.
2015 3973 2114 4031 Ad
2140 3973 2247 4032 hec
2267 3974 2451 4031 sciant
2466 3973 2724 4031 universi
2743 3973 2899 4049 quod
2914 3973 3175 4050 predicto
3194 3974 3377 4032 nobili

595 4071 722 4128 viro
749 4071 1033 4128 Mauricio
1068 4071 1162 4128 vel
1197 4071 1324 4146 ejus
1350 4070 1662 4130 heredibus
1707 4093 1812 4150 per
1839 4093 1906 4131 ea
1930 4093 2045 4150 que
2071 4093 2249 4150 supra
2275 4073 2490 4149 scripta
2530 4081 2673 4130 sunt
2705 4081 2995 4148 quantum
3030 4072 3101 4129 ad
3133 4073 3235 4147 jus
3275 4092 3374 4148 pa-

594 4177 864 4228 tronatus
903 4170 1115 4228 attinet
1139 4170 1204 4228 in
1230 4172 1394 4230 nullo
1433 4173 1826 4249 prejudicium
1867 4175 2244 4252 generabitur
2288 4173 2431 4250 quin
2459 4173 2642 4230 libere
2682 4172 2905 4248 possint
2932 4181 2992 4228 et
3017 4171 3261 4228 debeant
3301 4171 3374 4228 ad

593 4271 808 4329 dictam
833 4271 1124 4329 ecclesiam
1162 4272 1236 4331 de
1270 4274 1684 4333 Lathedbrune
1711 4295 1846 4333 cum
1874 4277 2054 4353 ipsam
2080 4295 2283 4332 vacare
2309 4273 2619 4349 contigerit
2645 4281 2717 4330 ut
2744 4272 3012 4348 superius
3039 4271 3373 4328 continetur

593 4369 812 4443 absque
829 4367 1284 4427 contradiccione
1309 4371 1504 4446 aliqua
1527 4383 1872 4448 presentare.
1913 4375 1994 4431 Et
2013 4384 2087 4432 ut
2107 4373 2440 4450 supradicta
2464 4372 2755 4430 ordinacio
2784 4381 2981 4430 nostra
2998 4379 3059 4428 et
3078 4378 3369 4429 statutum

592 4476 870 4544 perpetue
901 4465 1196 4526 firmitatis
1229 4469 1413 4527 robur
1439 4471 1698 4546 optineat
1723 4471 1862 4530 huic
1889 4475 2104 4550 scripto
2130 4475 2192 4531 in
2215 4472 2453 4531 modum
2480 4471 2805 4549 cirographi
2826 4470 3083 4530 confecto
3108 4469 3367 4545 sigillum

1930 4568 1992 4649 Q
2015 4591 2046 4638 2
3099 4579 3366 4628 nostrum
