4295 5410
2270 590 2405 661 xlii

2294 863 2391 933 ΙΙ.

1797 1044 2178 1146 [namatio
2212 1046 2804 1147 qfitututatinnum]

1083 1238 1322 1302 Homas
1351 1235 1753 1323 permissione
1791 1235 2008 1301 divina
2037 1237 2283 1301 Dublin
2321 1237 2819 1327 archiepiscopus
2848 1238 3093 1305 dilectis
3122 1238 3299 1304 nobis
3341 1238 3409 1303 in
3441 1238 3691 1304 Christo

1121 1341 1426 1429 religiosis
1455 1340 1606 1405 viris
1642 1338 1847 1405 Priori
1898 1354 1963 1406 et
2013 1342 2355 1406 conventui
2400 1340 2707 1429 prioratus
2747 1343 3052 1409 Omnium
3096 1343 3467 1409 Sanctorum
3504 1344 3695 1429 juxta

921 1450 1170 1515 Dublin
1209 1447 1444 1514 ordinis
1489 1446 1702 1513 Sancti
1741 1446 2092 1535 Augustini
2131 1448 2395 1513 salutem
2442 1447 2717 1535 graciam
2768 1463 2834 1515 et
2878 1448 3407 1515 benediccionem.
3502 1450 3696 1535 [Here

899 1556 1140 1641 follows
1185 1554 1306 1618 Nc.
1338 1552 1734 1617 LXXXIX.
1767 1553 1845 1640 of
1876 1554 1968 1619 the
1996 1553 2299 1639 Reyister]
2311 1564 2429 1603 —“
2452 1552 2706 1619 Divinis
2735 1554 3027 1631 cultibuS‚
3076 1604 3287 1619 .....
3336 1555 3505 1640 quod
3548 1554 3696 1621 lieet

919 1663 998 1728 ab
1029 1659 1291 1744 antiquo
1319 1656 1639 1722 Prioratus
1668 1668 1872 1721 vester
1905 1707 2113 1722 .....
2159 1656 2671 1745 Archiepiscopis
2718 1708 2923 1723 .....
2970 1657 3423 1723 visitiacionem
3452 1658 3693 1724 ordina-

917 1769 1075 1832 riam
1109 1814 1316 1829 .....
1347 1760 1710 1850 procuracio
1739 1774 1994 1826 centum
2024 1761 2365 1827 solidorum
2396 1762 2638 1850 argenti
2682 1777 2926 1829 tantum
2970 1763 3231 1851 singulis
3262 1763 3439 1828 annis
3467 1764 3695 1850 quibus

917 1874 1006 1939 sic
1050 1870 1373 1935 visitarent
1415 1866 1702 1933 exhiberi
1761 1866 1998 1932 solebat
2001 1915 2260 1933 ......
2352 1868 2483 1933 Nos
2526 1882 2729 1933 vestre
2778 1868 3133 1956 paupertati
3178 1869 3537 1954 hujusmodi
3587 1870 3694 1957 pio

916 1975 1370 2065 compacientes
1401 1970 2060 2037 affectu—diffinimus
2083 1982 2146 2043 et
2169 1970 2526 2036 ordinamus
2556 1972 2635 2036 de
2666 1972 3088 2059 predictorum
3116 1973 3531 2061 capitulorum
3558 1998 3695 2039 nos-

922 2098 1160 2147 trorum
1190 2079 1449 2147 consilio
1492 2090 1558 2142 et
1586 2100 1829 2141 assensu
1860 2098 2155 2162 expresso
2185 2074 2252 2139 in
2282 2074 2405 2139 hiis
2434 2074 2681 2162 scriptis
2724 2076 3089 2141 auctoritate
3136 2091 3344 2142 nostra
3386 2077 3697 2143 ordinaria

921 2203 986 2253 et
1029 2185 1373 2277 pontificali
1417 2208 1500 2249 ne
1545 2183 1710 2247 ultra
1753 2206 1866 2247 sex
1908 2206 2146 2247 marcas
2190 2182 2432 2269 argenti
2476 2182 2545 2246 in
2588 2182 3029 2270 procuracione
3074 2182 3354 2270 predicta
3412 2206 3524 2248 vos
3588 2199 3697 2247 aut

921 2307 1238 2370 Prioratus
1263 2318 1464 2370 vester
1493 2301 1596 2365 vel
1625 2325 2003 2367 successores
2035 2301 2223 2366 vestri
2253 2301 2433 2367 nobis
2451 2316 2560 2367 aut
2588 2303 3037 2369 successoribus
3066 2302 3288 2367 nostris
3310 2302 3441 2368 sitis
3464 2303 3695 2390 aliqua·

919 2416 1062 2485 liter
1107 2419 1366 2508 obligati
1417 2432 1510 2484 set
1555 2416 1996 2504 procuracione
2026 2441 2138 2483 sex
2168 2441 2516 2483 marcarum
2546 2418 2786 2507 argenti
2816 2418 3007 2483 simus
3036 2443 3148 2507 pro
3178 2433 3455 2508 tempore
3484 2435 3695 2485 nostro

919 2540 982 2590 et
1010 2525 1240 2613 singuli
1271 2547 1692 2591 successorum
1721 2536 2074 2587 nostrorum
2103 2546 2217 2609 pro
2248 2523 2374 2587 suis
2402 2523 2789 2611 temporibus
2832 2538 3134 2613 perpetuo
3164 2526 3290 2589 sint
3318 2524 3653 2591 contenti.”

1047 2631 1125 2696 In
1153 2630 1333 2717 cujus
1361 2629 1452 2695 rei
1491 2626 1918 2694 testimonium
1947 2626 2154 2716 sigilla
2194 2628 2553 2695 communia
2589 2630 3007 2718 capitulorum
3043 2645 3393 2697 nostrorum
3421 2656 3693 2697 unacum

924 2737 1132 2825 sigillo
1183 2735 1451 2826 predicti
1496 2732 1868 2800 venerabilis
1919 2732 2110 2821 patris
2163 2733 2551 2821 presentibus
2598 2749 2744 2800 sunt
2793 2758 3079 2823 appensa.
3155 2737 3395 2802 Datum
3445 2737 3695 2803 Dublin

918 2858 1137 2909 octavo
1186 2843 1288 2908 die
1334 2837 1564 2908 mensis
1628 2839 1854 2906 Marcii
1907 2863 2069 2904 anno
2116 2839 2361 2903 domini
2404 2839 2741 2905 milessimo
2784 2841 3404 2932 quadrengentesimo
3452 2843 3695 2908 decimo

918 2948 1557 3014 sexta-Recorder's
1584 2944 1779 3024 Book,
1809 2967 1913 3032 pp.
1947 2951 2265 3030 384-387.

2246 3158 2391 3232 ΙΙΙ,

1867 3342 2193 3444 [hamio
2228 3343 2746 3444 &tufnationfsj

1091 3537 1399 3604 Dwardus
1429 3536 1532 3602 dei
1559 3533 1769 3624 gracia
1795 3557 1913 3600 rex
1939 3533 2179 3621 Anglie
2209 3545 2273 3598 et
2322 3531 2586 3597 Francie
2622 3545 2689 3596 et
2728 3531 3019 3596 dominus
3059 3533 3365 3600 Hibernie
3404 3535 3693 3603 omnibus

1132 3647 1212 3712 ad
1234 3669 1387 3732 quos
1414 3657 1726 3733 presentes
1753 3641 1958 3706 littere
1982 3639 2381 3729 pervenerint
2420 3639 2681 3704 salutem
2728 3638 3127 3725 Inspeximus
3150 3640 3461 3725 quendam
3484 3653 3693 3706 actum

919 3753 1051 3819 sive
1099 3751 1562 3818 ordinacionem
1609 3751 1677 3814 in
1706 3749 2115 3837 parliamento
2162 3761 2373 3813 nostro
2417 3747 2588 3834 apud
2632 3747 2691 3811 le
2738 3746 2903 3812 Naas
2946 3745 3049 3811 die
3092 3747 3361 3812 Veneris
3402 3748 3709 3835 proxime

921 3873 1064 3927 ante
1122 3859 1349 3924 festum
1405 3871 1612 3923 sancte
1661 3855 2004 3922 Petronille
2062 3855 2327 3942 virginis
2384 3853 2609 3919 ultimo
2667 3852 3035 3940 preteritum
3088 3877 3295 3917 coram
3349 3852 3692 3940 predilecto

921 3961 1384 4050 consanguineo
1428 3973 1638 4024 nostro
1690 3957 1962 4024 Geraldo
2013 3955 2244 4024 comite
2292 3954 2576 4020 Killdare
2626 3953 2977 4040 justiciario
3022 3971 3232 4020 nostro
3277 3969 3439 4022 terre
3486 3971 3693 4022 nostre

921 4069 1231 4135 Hibernie
1277 4081 1451 4134 tento
1497 4091 1569 4132 ac
1619 4065 1858 4131 ibidem
1908 4078 1973 4130 et
2022 4063 2175 4130 alibi
2230 4062 2489 4128 diversis
2538 4063 2782 4128 vicibus
2827 4077 3159 4152 prorogato
3208 4063 3571 4129 continuato
3630 4079 3694 4129 et

854 4217 858 4221 -
923 4176 1250 4260 adjumato
1277 4199 1394 4240 nec
1424 4197 1549 4238 non
1580 4171 1813 4237 exinde
1843 4171 1922 4236 ad
1953 4168 2169 4235 villam
2208 4170 2285 4234 de
2318 4168 2542 4234 Oonall
2587 4167 2690 4234 die
2732 4169 2913 4234 Lune
2950 4169 3242 4257 proximo
3284 4184 3426 4257 post
3465 4170 3690 4235 festum

921 4281 1262 4346 nativitatis
1291 4281 1471 4346 beate
1501 4279 1704 4345 Marie
1733 4277 1994 4367 virginis
2026 4291 2177 4344 tunc
2206 4277 2494 4365 proxime
2530 4300 2791 4363 sequens
2826 4277 3147 4363 adjornato
3173 4279 3295 4366 [et]
3330 4277 3691 4343 continuato

921 4412 994 4454 ac
1040 4386 1276 4452 ibidem
1322 4385 1564 4450 editum
1609 4384 1678 4448 in
1713 4382 1831 4448 hec
1881 4384 2072 4448 verba
2104 4422 2116 4433 ·
2144 4383 2308 4448 Item
2358 4382 2417 4446 al
2459 4381 2886 4469 supplicacion
2926 4383 3003 4449 de
3031 4383 3319 4448 William
3355 4382 3579 4450 Priour
3613 4384 3691 4449 de

924 4516 1172 4560 meason
1213 4491 1290 4556 de
1329 4506 1473 4557 touz
1515 4488 1721 4556 Seints
1758 4489 1913 4573 juxt
1958 4488 2241 4576 Divelyn
2278 4502 2343 4554 et
2383 4488 2440 4553 le
2488 4502 2760 4554 couvent
2810 4489 2897 4553 du
2944 4479 3193 4555 mesme'
3224 4491 3545 4579 seignours
3588 4489 3691 4554 del

3541 4594 3690 4659 ville
3752 4655 3779 4666 ,
