4295 5410
2384 641 2458 705 xl

983 832 1174 874 unam
1219 809 1515 877 videlicet
1557 809 1763 899 sigillo
1804 810 2031 877 nobilis
2073 811 2195 876 viri
2226 796 2534 879 Willelmi
2563 814 2913 880 Marescalli
2951 816 3264 903 quondam
3308 816 3552 881 comitis
3580 816 3745 883 Pen-

984 915 1237 981 brochie
1267 916 1452 981 aliam
1470 941 1618 982 vero
1648 918 1852 1006 sigillo
1882 918 2255 984 venerabilis
2281 920 2349 985 in
2379 920 2609 985 christo
2638 921 2829 1009 patris
2857 935 2923 987 et
2960 921 3201 987 domini
3234 921 3378 987 Ade
3408 920 3511 987 dei
3540 922 3750 1009 gracia

982 1022 1298 1106 quondam
1319 1023 1595 1111 episcopi
1615 1023 1944 1089 Fernensis
1973 1038 2037 1091 et
2057 1024 2313 1091 terciam
2336 1025 2543 1114 sigillo
2567 1026 2845 1113 ejusdem
2875 1027 3065 1114 patris
3083 1040 3147 1092 et
3162 1026 3381 1093 decani
3405 1040 3470 1092 et
3490 1027 3749 1114 capituli

915 1155 921 1162 ·
981 1127 1237 1193 ecclesie
1295 1128 1664 1195 cathedralis
1711 1130 2042 1195 Fernensis
2085 1142 2161 1195 ut
2208 1131 2411 1218 prima
2456 1132 2613 1198 facie
2658 1132 2989 1198 videbatur
3041 1132 3431 1220 consignatas
3486 1156 3747 1219 quarum

980 1250 1224 1303 tenores
1254 1238 1331 1303 de
1361 1238 1554 1303 verbo
1585 1238 1667 1301 ad
1695 1237 1958 1302 verbum
1986 1236 2244 1303 inferius
2274 1238 2708 1304 describuntur
2737 1252 2801 1304 et
2828 1239 3229 1304 continentur
3257 1238 3464 1304 eidem
3493 1238 3746 1303 domino

981 1356 1046 1409 et
1075 1342 1325 1409 officiali
1347 1342 1733 1429 judicialiter
1761 1343 2142 1430 presentavit
2171 1356 2236 1409 et
2263 1344 2558 1410 exhibuit
2587 1368 2601 1382 ·
2635 1358 2851 1431 petens
2882 1358 2946 1410 et
2971 1368 3194 1433 rogans
3220 1358 3295 1409 ut
3322 1343 3526 1409 dictus
3555 1344 3749 1408 domi—

981 1474 1098 1515 nus
1143 1450 1423 1516 officialis
1473 1450 1838 1517 auctorit-ate
1890 1475 2000 1515 sua
2043 1450 2355 1517 ordinaria
2396 1452 2757 1539 hujusmodi
2800 1452 3035 1517 litteras
3078 1450 3409 1539 originales
3453 1473 3605 1537 quas
3646 1450 3749 1515 vel

979 1555 1252 1643 ipsarum
1295 1556 1609 1622 autentica
1657 1556 2043 1644 exemplaria
2081 1556 2265 1622 certis
2312 1570 2377 1623 et
2420 1557 2716 1646 legitimis
2746 1559 2825 1624 de
2876 1557 3075 1624 causis
3118 1558 3200 1623 ad
3241 1569 3443 1645 partes
3484 1569 3749 1621 remotas

978 1667 1185 1754 ipsum
1212 1666 1466 1731 nomine
1496 1665 1894 1731 dominorum
1938 1688 2191 1729 suorum
2220 1677 2284 1728 et
2312 1664 2568 1730 ecclesie
2598 1665 3049 1731 antedictorum
3079 1664 3493 1730 transmittere
3522 1685 3745 1751 oppor-

977 1771 1137 1837 tavit
1163 1784 1236 1837 ut
1264 1771 1520 1837 asseruit
1548 1784 1613 1836 et
1639 1770 1802 1858 ipsas
1830 1770 2066 1835 litteras
2095 1767 2427 1855 originales
2445 1785 2697 1857 propter
2724 1769 2967 1834 viarum
2997 1782 3063 1834 et
3080 1768 3362 1833 locorum
3391 1766 3750 1832 discrimina

979 1901 1050 1942 ac
1080 1876 1202 1943 alia
1227 1877 1505 1964 pericula
1545 1875 1790 1941 notoria
1815 1874 1940 1939 hiis
1969 1873 2353 1962 temporibus
2381 1874 2784 1939 imminencia
2826 1875 2904 1941 ad
2944 1873 3305 1959 hujusmodi
3332 1874 3471 1938 loca
3510 1884 3748 1938 remota

977 1980 1391 2047 transmittere
1437 2004 1566 2045 non
1615 1980 1884 2045 audebat
1931 2002 2136 2063 neque
2180 1977 2416 2043 deferre
2446 2002 2457 2015 ·
2489 1978 2824 2065 diligenter
2872 1976 3206 2064 inspiceret
3256 1976 3643 2041 examinaret
3684 1989 3749 2039 et

978 2087 1282 2174 inspectas
1319 2084 1704 2172 judicialiter
1750 2082 2097 2171 publicaret
2142 2096 2208 2147 et
2256 2106 2368 2169 per
2415 2104 2741 2169 personam
2794 2079 3109 2168 publicam
3156 2093 3220 2145 et
3269 2080 3531 2146 scribam
3575 2104 3746 2145 suam

978 2192 1280 2258 transumi
1310 2204 1376 2257 et
1402 2190 1750 2278 exemplari
1777 2190 2047 2256 fideliter
2075 2190 2397 2255 mandaret
2425 2214 2497 2255 ac
2526 2190 2732 2277 sigillo
2762 2188 2951 2254 officii
2981 2188 3077 2253 sui
3105 2187 3498 2275 consignaret
3526 2211 3598 2252 ac
3628 2186 3749 2252 alia

978 2300 1337 2366 decerneret
1364 2311 1429 2364 et
1456 2298 1683 2363 faceret
1725 2319 1847 2383 que
1877 2295 2080 2361 officio
2120 2319 2232 2359 suo
2262 2294 2329 2359 in
2372 2295 2490 2360 hac
2534 2309 2707 2381 parte
2735 2295 3182 2359 incumbebant
3209 2308 3282 2357 ut
3310 2293 3747 2380 transcriptum

979 2404 1316 2469 earundem
1362 2400 1712 2467 litterarum
1753 2399 2089 2485 injudicio
2138 2413 2204 2464 et
2245 2414 2428 2463 extra
2446 2398 2760 2484 judicium
2800 2399 3093 2463 effectum
3135 2399 3535 2487 originalium
3579 2400 3745 2465 litte-

975 2534 1183 2574 rarum
1214 2508 1666 2573 antedictarum
1705 2507 1935 2573 habere
1966 2520 2171 2595 posset
2214 2520 2277 2571 et
2317 2506 2522 2572 eidem
2552 2505 2921 2593 transcripto
2950 2520 3213 2589 staretur
3242 2529 3313 2569 ac
3342 2505 3393 2570 si
3423 2505 3749 2593 originalia

976 2616 1164 2700 hujus
1193 2615 1395 2679 forent
1437 2612 1740 2679 exhibita.
1828 2614 1972 2701 Ipse
2001 2638 2150 2679 vero
2195 2612 2483 2677 dominus
2521 2611 2797 2678 officialis
2840 2624 2981 2699 post
3022 2612 3360 2677 earundem
3404 2610 3747 2675 litterarum

977 2735 1266 2786 exactam
1297 2719 1758 2807 inspeccionem
1786 2734 1850 2784 et
1879 2718 2247 2806 diligentem
2290 2716 2827 2782 examinacionem
2856 2740 2969 2803 per
2996 2717 3203 2803 ipsum
3230 2729 3383 2781 tunc
3425 2715 3651 2782 factam
3684 2730 3748 2781 et

977 2827 1256 2893 habitam
1283 2825 1598 2912 reperiens
1640 2824 1802 2911 ipsas
1846 2823 2080 2888 litteras
2107 2822 2295 2888 fuisse
2338 2836 2402 2887 et
2442 2845 2573 2887 esse
2618 2844 2792 2886 sanas
2820 2837 2885 2886 et
2912 2821 3183 2909 integras
3214 2821 3509 2907 omnique
3552 2821 3745 2909 suspi-

976 2933 1156 2998 cione
1183 2929 1466 2997 falsitatis
1515 2943 1792 2995 carentes
1819 2941 1894 2995 ut
1919 2929 2191 3016 perfecte
2238 2928 2627 3016 consignatas
2668 2927 2853 2994 certis
2895 2926 3093 2992 causis
3137 2925 3464 2992 antedictis
3500 2941 3566 2992 et
3608 2926 3745 2992 aliis

975 3039 1181 3126 ipsum
1217 3036 1616 3102 moventibus
1635 3035 2018 3121 judicialiter
2046 3035 2392 3124 publicavit
2420 3049 2485 3100 et
2510 3059 2623 3122 per
2664 3059 2765 3100 me
2795 3035 3004 3099 Adam
3044 3034 3121 3099 de
3154 3033 3523 3120 Kyngeston
3566 3032 3743 3098 cleri·

975 3165 1122 3206 cum
1151 3140 1475 3228 publicum
1499 3139 1864 3204 auctoritate
1893 3139 2232 3226 apostolica
2259 3139 2570 3204 notarium
2599 3138 2863 3202 scribam
2892 3161 3075 3202 suum
3104 3137 3266 3225 ipsas
3294 3137 3531 3202 litteras
3560 3136 3743 3225 origi-

976 3248 1146 3313 nales
1174 3248 1252 3312 de
1275 3247 1466 3312 verbo
1497 3245 1577 3311 ad
1598 3246 1860 3311 verbum
1889 3247 2004 3311 sub
2032 3244 2231 3310 forma
2260 3244 2514 3331 publica
2541 3243 2845 3308 transumi
2866 3257 2931 3308 et
2950 3243 3296 3330 exemplari
3318 3267 3390 3308 ac
3408 3243 3743 3308 earundem

977 3369 1218 3420 tenores
1264 3353 1352 3419 sic
1397 3353 1796 3440 transcriptos
1838 3365 1904 3418 et
1943 3354 2333 3441 exemplatos
2375 3352 2443 3416 in
2484 3352 2746 3418 formam
2811 3351 3127 3439 publicam
3174 3349 3453 3416 redactos
3497 3350 3630 3414 vim
3672 3374 3744 3416 ac

976 3457 1406 3523 auctoritatem
1435 3456 1832 3545 originalium
1855 3457 2193 3521 earundem
2222 3457 2567 3522 litterarum
2587 3455 2817 3522 habere
2847 3470 2911 3521 et
2940 3471 3239 3544 perpetuo
3260 3457 3489 3522 habere
3518 3457 3742 3522 debere

975 3562 1044 3626 in
1064 3563 1470 3649 judicialibus
1487 3576 1551 3628 et
1578 3577 1762 3628 extra
1785 3563 2168 3648 ubicumque
2198 3561 2491 3628 effectum
2513 3563 2851 3628 earundem
2882 3561 3280 3651 originalium
3302 3562 3649 3628 litterarum
3679 3577 3744 3629 et

981 3673 1085 3752 [ut
1099 3667 1160 3754 ?]
1187 3668 1391 3734 eidem
1413 3668 1684 3756 presenti
1714 3666 2082 3755 transcripto
2103 3667 2236 3732 sive
2258 3666 2671 3732 instrumento
2688 3665 2943 3753 publico
2961 3682 3157 3731 stetur
3176 3666 3437 3731 firmiter
3452 3667 3521 3732 in
3540 3669 3739 3733 omni-

974 3777 1093 3840 bus
1120 3774 1282 3839 sicut
1308 3773 1542 3838 eisdem
1572 3771 1980 3860 originalibus
2007 3769 2229 3836 litteris
2272 3783 2536 3835 staretur
2563 3769 2615 3834 si
2643 3769 2847 3834 forent
2875 3770 3156 3836 exhibite
3186 3770 3289 3835 vel
3317 3783 3557 3836 ostense
3573 3772 3743 3858 judi-

977 3877 1216 3944 cialiter
1236 3878 1677 3965 pronunciavit
1691 3892 1878 3964 atque
1901 3878 2195 3944 decrevit.
2230 3877 2441 3942 Tenor
2460 3901 2606 3943 vero
2625 3877 2825 3965 prime
2845 3877 3048 3942 littere
3072 3878 3379 3943 dictarum
3396 3879 3743 3945 litterarum

975 3983 1117 4049 talis
1166 3998 1279 4050 est.
1371 3985 1572 4067 [Here
1609 3985 1854 4072 follows
1891 3985 1984 4050 the
2029 3984 2261 4050 charter
2304 3985 2378 4071 qs
2414 3984 2685 4049 Wdliam
2730 3984 3047 4060 Marshall,
3086 3987 3339 4072 printed
3380 4009 3546 4072 paqe
3604 3987 3736 4075 15.]

979 4089 1190 4156 Tenor
1207 4103 1416 4155 autem
1433 4090 1704 4156 secunde
1725 4089 1928 4156 littere
1953 4089 2093 4154 talis
2111 4103 2227 4154 est.
2302 4089 2629 4156 Universis
2650 4089 2886 4154 Christi
2906 4088 3195 4155 fidelibus
3226 4089 3305 4154 ad
3325 4113 3477 4174 quos
3495 4113 3741 4176 presen-

977 4209 1068 4262 tes
1097 4197 1300 4262 littere
1329 4195 1730 4283 pervenerint
1754 4195 1968 4260 Adam
1997 4193 2399 4282 permissione
2428 4193 2647 4258 divina
2674 4192 3004 4259 Feruensis
3033 4193 3357 4280 episcopus
3385 4192 3648 4258 salutem
3676 4195 3741 4258 in

979 4303 1262 4368 Domino
1291 4300 1748 4388 sempiternam.
1798 4300 1864 4364 N
1865 4299 2117 4365 ovet-itis
2145 4323 2257 4364 nos
2289 4298 2601 4384 quandam
2628 4297 2900 4363 litteram
2930 4299 3091 4364 bone
3120 4298 3417 4364 memorie
3448 4300 3743 4388 Hugonis

975 4406 1418 4496 predecessoris
1445 4405 1642 4472 nostri
1667 4430 1796 4471 non
1815 4430 2016 4473 rasam
2041 4430 2169 4471 non
2190 4405 2486 4472 abolitam
2514 4406 2715 4472 necin
2743 4405 2953 4492 aliqua
2980 4419 3153 4492 parte
3176 4405 3465 4472 viciatam
3486 4405 3739 4494 inspex-

3625 4536 3741 4578 1sse
