4295 5410
2306 657 2391 703 10

940 810 1126 897 justis
1155 810 1354 876 modis
1377 825 1684 900 prestante
1707 813 1983 878 Domino
2004 812 2289 902 poteritis
2318 812 2579 902 adipisci
2602 849 2617 864 ·
2638 813 2755 879 sub
2774 811 2944 879 beati
2968 811 3141 878 Petri
3164 822 3229 876 et
3249 824 3457 878 nostra
3483 826 3725 900 protec-

945 918 1117 982 tione
1155 917 1538 1004 suscipimus.
1630 917 1996 1005 Specialiter
2023 933 2234 984 autem
2262 932 2453 985 terras
2483 918 2702 984 domos
2739 916 3021 982 redditus
3052 917 3458 1004 possessiones
3500 941 3570 982 ac
3606 917 3728 984 alia

945 1024 1111 1089 bona
1139 1035 1342 1086 vestra
1383 1021 1544 1088 sicut
1572 1047 1646 1088 ea
1673 1021 1886 1088 omnia
1893 1047 1919 1108 J
1930 1037 2062 1088 uste
2092 1047 2164 1088 ac
2187 1021 2442 1110 pacifice
2472 1022 2808 1110 possidetis
2840 1059 2856 1074 ·
2886 1021 3067 1088 vobis
3096 1035 3159 1087 et
3180 1045 3291 1110 per
3320 1045 3431 1088 vos
3468 1023 3728 1089 ecclesie

945 1141 1148 1193 vestre
1178 1128 1541 1194 auctoritate
1571 1130 1905 1217 apostolica
1931 1131 2365 1196 confirmamus
2394 1147 2459 1196 et
2488 1130 2787 1218 presentis
2818 1128 3033 1218 scripti
3072 1128 3416 1218 patrocinio
3446 1153 3723 1196 commu-

945 1233 1170 1299 nimus.
1257 1233 1435 1300 Nulli
1459 1259 1607 1324 ergo
1635 1237 1892 1303 omnino
1920 1238 2249 1303 hominum
2270 1237 2457 1304 liceat
2483 1239 2645 1305 hanc
2668 1238 2965 1327 paginam
2995 1250 3201 1302 nostre
3232 1236 3631 1324 protectionis
3660 1251 3727 1302 et

945 1340 1438 1406 confirmacionis
1465 1341 1804 1430 infringere
1833 1344 1936 1409 vel
1965 1345 2024 1410 ei
2067 1369 2221 1410 ausu
2265 1345 2592 1411 temerario
2636 1343 2960 1410 contraire.
3053 1342 3122 1409 Si
3170 1342 3309 1428 quis
3355 1353 3563 1408 autem
3600 1341 3724 1406 hoc

948 1461 1314 1534 attemptare
1361 1448 1800 1536 presumpserit
1825 1448 2332 1538 indignacionem
2377 1449 2823 1538 omnipotentis
2854 1448 2979 1514 Dei
3008 1463 3073 1514 et
3099 1450 3423 1514 beatorum
3454 1447 3627 1512 Petri
3656 1461 3723 1512 et

946 1553 1129 1617 Pauli
1161 1554 1578 1640 apostolorum
1605 1556 1740 1642 ejus
1767 1581 1831 1622 se
1861 1557 2106 1623 noverit
2132 1558 2544 1625 incursurum.
2608 1557 2847 1623 Datum
2872 1555 3172 1645 Lugduni
3204 1556 3347 1621 Kal.
3381 1553 3672 1622 Octobris
3700 1595 3713 1604 -

947 1659 1354 1726 Pontificatus
1382 1661 1577 1726 nostri
1605 1686 1768 1727 anno
1799 1679 2035 1728 octavo,

2264 1987 2397 2061 V1.

1609 2171 2042 2246 &namatio
2075 2183 2132 2245 tt
2166 2173 2445 2264 ptomtto
2477 2171 2797 2258 wanlai
2828 2172 3041 2264 ἢβεῳε.

1142 2358 1407 2424 Artinus
1451 2357 1777 2445 episcopus
1821 2381 2034 2424 servus
2079 2383 2396 2426 servorum
2436 2360 2562 2426 Dei
2592 2359 2836 2425 dilectis
2863 2357 3008 2423 filiis
3038 2357 3241 2424 Priori
3269 2372 3333 2426 et
3370 2359 3709 2426 conventui

1183 2463 1538 2531 monasterii
1561 2462 1865 2530 Omnium
1887 2464 2256 2530 Sanctorum
2276 2465 2468 2552 juxta
2484 2465 2729 2533 Dublin
2750 2489 2863 2554 per
2882 2464 3163 2530 Priorem
3192 2465 3355 2530 soliti
3378 2467 3713 2554 gubernari

937 2572 1201 2638 salutem
1240 2585 1304 2636 et
1353 2569 1752 2657 apostolicam
1789 2570 2310 2637 benedictionem.
2402 2571 2805 2640 Sacrosancta
2839 2571 3123 2637 Romana
3168 2571 3427 2640 ecclesia
3455 2572 3713 2638 devotos

935 2697 1000 2749 et
1026 2681 1295 2748 humiles
1321 2678 1481 2745 filios
1520 2702 1606 2745 ex
1647 2693 1884 2745 assuete
1914 2677 2161 2767 pietatis
2200 2677 2405 2745 officio
2450 2678 2813 2768 propensius
2842 2677 3103 2768 diligere
3142 2679 3465 2747 consuevit
3494 2718 3508 2732 ·
3541 2696 3604 2746 et
3631 2703 3712 2747 ne

935 2812 1272 2877 pravorum
1297 2786 1626 2852 hominum
1655 2785 1951 2852 molestiis
1990 2785 2305 2874 agitentur
2342 2810 2447 2853 eos
2476 2801 2775 2874 tanquam
2804 2786 2910 2874 pia
2938 2798 3136 2852 mater
3172 2809 3281 2851 sue
3310 2785 3713 2873 protectionis

935 2897 1283 2963 munimine
1313 2894 1658 2961 confovere.

1065 3004 1162 3069 Ea
1189 3014 1442 3091 propter
1462 2998 1676 3064 dilecti
1703 2998 1772 3063 in
1796 2998 2071 3063 Domino
2092 2998 2209 3063 filii
2240 2998 2458 3065 vestris
2478 2999 2667 3085 justis
2696 2998 3221 3087 postulacionibus
3249 3010 3425 3085 grato
3454 3020 3711 3063 concur-

933 3122 1138 3173 rentes
1167 3128 1412 3172 assensu
1438 3142 1450 3155 ·
1471 3126 1760 3191 personas
1785 3116 2012 3167 vestras
2041 3116 2107 3166 et
2125 3101 2335 3167 locum
2357 3102 2425 3166 in
2451 3127 2577 3188 quo
2600 3104 2745 3171 estis
2767 3102 2984 3167 divino
3008 3102 3305 3188 obsequio
3334 3102 3670 3189 mancipati
3694 3141 3710 3153 ·

935 3237 1081 3277 cum
1111 3211 1398 3278 omnibus
1424 3209 1605 3275 bonis
1634 3232 1756 3295 que
1784 3210 1853 3273 in
1882 3208 2343 3297 presenciarum
2371 3211 2829 3278 racionabiliter
2856 3211 3181 3299 possidetis
3209 3225 3319 3277 aut
3344 3210 3414 3275 in
3434 3210 3715 3275 futurum

926 3318 1112 3403 justis
1141 3317 1340 3382 modis
1371 3328 1683 3402 prestante
1712 3313 1990 3381 Domino
2020 3314 2301 3404 poteritis
2340 3316 2600 3404 adipisci
2636 3355 2649 3368 ·
2682 3318 2798 3383 sub
2829 3316 2995 3383 beati
3026 3316 3197 3382 Petri
3235 3330 3300 3382 et
3334 3330 3543 3382 nostra
3568 3340 3710 3405 pro-

934 3425 1204 3490 tectione
1236 3422 1623 3510 suscipimus
1715 3422 2081 3510 Specialiter
2118 3438 2328 3489 autem
2357 3438 2549 3489 terras
2578 3424 2793 3489 domos
2822 3424 3229 3512 possessiones
3258 3424 3545 3513 grangias
3572 3426 3710 3491 red-

938 3530 1104 3595 ditus
1133 3544 1308 3619 prata
1343 3529 1527 3594 silvas
1565 3528 1923 3594 molendina
1951 3542 2016 3595 et
2051 3528 2173 3595 alia
2198 3530 2365 3596 bona
2392 3544 2597 3596 vestra
2624 3531 2785 3597 sicut
2820 3554 2894 3596 ea
2930 3529 3140 3596 omnia
3157 3530 3326 3616 juste
3364 3545 3428 3596 et
3455 3530 3711 3619 pacifice

936 3634 1262 3723 possidetis
1288 3674 1300 3685 ·
1325 3634 1504 3699 vobis
1532 3648 1598 3699 et
1617 3659 1728 3722 per
1749 3659 1860 3699 vos
1888 3648 2092 3701 vestro
2121 3636 2493 3701 monasterio
2523 3637 2887 3703 auctoritate
2916 3635 3249 3723 apostolica
3278 3636 3713 3703 confirmamus

935 3755 1001 3807 et
1030 3739 1328 3828 presentis
1356 3738 1568 3827 scripti
1598 3741 1942 3827 patrocinio
1971 3740 2448 3807 communimus.
2510 3742 2687 3808 Nulli
2716 3766 2865 3831 ergo
2895 3740 3150 3807 omnino
3178 3742 3506 3807 hominum
3528 3742 3712 3809 liceat

936 3850 1100 3915 hanc
1129 3848 1419 3937 paginam
1462 3862 1666 3913 nostre
1695 3848 2096 3937 protectionis
2133 3864 2199 3916 et
2226 3850 2719 3918 confirmacionis
2748 3850 3086 3939 infringere
3115 3850 3219 3915 vel
3246 3850 3307 3915 ei
3337 3874 3489 3915 ausu
3516 3864 3709 3916 teme-

937 3954 1098 4019 rario
1147 3956 1469 4021 contraire.
1561 3953 1632 4020 Si
1683 3955 1822 4041 quis
1873 3970 2083 4022 autem
2128 3956 2249 4023 hoc
2300 3970 2666 4045 attemptare
2718 3956 3159 4046 presumpserit
3206 3955 3713 4045 indignacionem

941 4058 1381 4145 omnipotentis
1411 4058 1535 4125 Dei
1563 4075 1628 4125 et
1653 4062 1978 4127 beatorum
2008 4063 2183 4129 Petri
2212 4080 2276 4130 et
2305 4064 2489 4131 Pauli
2518 4065 2935 4153 apostolorum
2965 4064 3098 4150 ejus
3138 4087 3201 4128 se
3230 4062 3478 4128 noverit
3502 4062 3711 4129 incur-

860 4159 864 4163 ’
939 4190 1168 4232 surum.
1258 4167 1495 4233 Datum
1523 4168 1807 4235 Bononie
1836 4170 1920 4235 vi.
1955 4168 2176 4236 Kalen.
2208 4170 2251 4235 J
2254 4169 2385 4235 ulii.
2473 4170 2880 4238 Pontificatus
2909 4170 3101 4235 nostri
3131 4194 3293 4235 anno
3322 4182 3559 4255 quarto.
3718 4176 3723 4180 ’

3548 4536 3703 4602 VII.
