4295 5410
1964 620 2096 693 lxv

629 795 852 862 litteris
901 797 1262 885 patentibus
1300 798 1546 886 plenius
1589 800 1946 868 continetur
1989 803 2070 868 ad
2099 825 2252 889 quas
2272 803 2581 889 juratores
2610 802 2679 869 in
2709 827 2783 869 ea
2811 817 2985 892 parte
3014 829 3079 870 se
3109 805 3405 872 referunt.

634 903 878 970 Dicunt
905 917 1185 993 preterea
1205 905 1511 989 juratores
1539 927 1725 991 super
1747 920 2203 972 sacramentum
2222 931 2405 972 suum
2428 907 2600 994 quod
2621 923 2760 996 post
2781 909 3241 980 concessionem
3272 933 3408 997 pre-

635 1012 868 1080 dictam
891 1013 1186 1101 predictis
1207 1013 1652 1100 prenominatis
1673 1015 1794 1100 maj
1802 1014 1895 1079 ori
1908 1015 2158 1081 ballivis
2180 1029 2245 1081 et
2265 1015 2508 1080 civibus
2530 1039 2643 1102 per
2660 1014 2857 1080 dictas
2877 1014 3114 1082 litteras
3131 1028 3411 1102 patentes

631 1118 822 1186 factas
850 1130 914 1184 et
942 1142 1258 1184 concessas
1288 1116 1577 1182 dominus
1605 1141 1808 1204 nuper
1849 1141 1968 1182 rex
1997 1117 2347 1183 Edwardus
2389 1131 2604 1182 sextus
2633 1115 2873 1204 Anglie
2902 1115 2958 1180 F
2957 1117 3167 1183 rancie
3194 1129 3259 1182 et
3288 1118 3409 1182 Hi-

633 1223 848 1290 bernie
869 1247 982 1312 per
1006 1223 1243 1288 litteras
1265 1246 1403 1287 suas
1431 1234 1714 1309 patentes
1742 1233 2028 1309 gerentes
2055 1221 2277 1285 datum
2292 1218 2589 1284 vicesimo
2618 1219 2823 1307 primo
2847 1219 2951 1284 die
2978 1219 3224 1307 Aprilis
3246 1245 3409 1286 anno

632 1332 812 1420 regni
839 1331 936 1396 sui
957 1331 1231 1396 secundo
1260 1329 1586 1396 constituit
1613 1329 1850 1395 creavit
1878 1329 2193 1395 ordinavit
2213 1342 2279 1394 et
2297 1327 2447 1394 fecit
2468 1343 2617 1392 tunc
2640 1327 2761 1412 maj
2770 1349 2940 1391 orem
2958 1326 3221 1392 ballivos
3241 1326 3409 1392 cives

633 1450 698 1504 et
725 1435 1236 1502 communitatem
1267 1434 1433 1500 dicte
1464 1433 1736 1500 civitatis
1775 1433 2022 1500 Dublin
2055 1456 2256 1498 unum
2300 1455 2521 1520 corpus
2564 1429 3027 1518 incorporatum
3055 1430 3309 1524 nomine
3347 1445 3411 1497 et

632 1543 798 1610 facto
835 1543 1299 1631 imperpetuum
1341 1555 1406 1607 et
1451 1542 1621 1629 quod
1665 1565 1749 1606 ex
1787 1555 1940 1608 tunc
1981 1540 2293 1606 nominari
2336 1540 2637 1606 deberent
2663 1537 3002 1604 concedere
3045 1538 3318 1626 recipere
3348 1554 3411 1604 et

635 1646 991 1734 perquirere
1019 1668 1132 1734 per
1160 1669 1389 1710 nomen
1416 1645 1668 1731 majoris
1696 1643 2140 1709 vicecomitum
2170 1643 2407 1709 civium
2435 1643 2897 1711 communitatis
2925 1641 3407 1731 imperpetuum.

637 1755 726 1820 Et
752 1754 1012 1820 ulterius
1031 1753 1253 1819 dicunt
1271 1755 1580 1840 juratores
1602 1777 1787 1841 super
1807 1767 2261 1820 sacramentum
2290 1777 2473 1818 suum
2503 1752 2674 1840 quod
2701 1753 2899 1839 major
2928 1752 3199 1819 civitatis
3225 1754 3407 1820 Dub-

633 1860 726 1926 lin
747 1859 1149 1926 vicecomites
1167 1861 1336 1925 cives
1358 1872 1423 1925 et
1443 1859 1856 1925 communitas
1884 1859 2167 1945 ejusdem
2190 1859 2460 1926 civitatis
2482 1873 2547 1924 et
2573 1858 3031 1947 predecessores
3058 1859 3155 1925 sui
3186 1884 3223 1925 a
3250 1873 3406 1924 tem-

635 1989 784 2053 pore
811 1965 1221 2032 concessionis
1255 1963 1678 2054 predictarum
1698 1966 2047 2032 litterarum
2069 1967 2429 2056 patencium
2448 1967 2576 2032 huc
2604 1989 2801 2052 usque
2823 1964 3135 2054 legittime
3156 1965 3409 2031 fuerunt

634 2069 827 2136 seisiti
855 2070 974 2136 sibi
993 2083 1058 2137 et
1077 2071 1528 2138 successoribus
1546 2072 1673 2138 suis
1702 2073 1780 2139 de
1799 2073 2087 2139 omnibus
2109 2072 2494 2161 prerecitatis
2510 2070 2820 2160 premissis
2838 2095 2984 2136 cum
3006 2071 3407 2159 pertinenciis

635 2176 804 2242 dicto
849 2200 1052 2265 nuper
1100 2176 1317 2242 domui
1367 2178 1740 2244 monasterio
1792 2180 1924 2244 sive
1971 2179 2273 2267 prioratui
2313 2179 2523 2265 aliquo
2574 2177 2760 2243 modo
2806 2177 3231 2266 spectantibus
3274 2178 3405 2245 sive

634 2283 1109 2371 pertinentibus.
1215 2282 1295 2348 In
1339 2283 1518 2369 cujus
1547 2285 1636 2350 rei
1667 2285 2094 2351 testimonium
2127 2298 2257 2351 tam
2288 2285 2561 2373 prefatus
2588 2297 2863 2350 escaetor
2889 2307 3077 2370 quam
3098 2284 3407 2368 juratores

633 2388 901 2476 predicti
951 2388 1155 2478 sigilla
1197 2413 1310 2456 sua
1359 2390 1710 2458 alternatim
1749 2409 2187 2482 apposuerunt.
2276 2395 2515 2459 Datum
2563 2392 2666 2458 die
2712 2416 2876 2458 anno
2917 2406 2983 2458 et
3023 2392 3163 2457 loco
3192 2415 3403 2479 supra-

633 2493 895 2583 scriptiS.
971 2495 1113 2576 Que
1135 2497 1342 2562 omnia
1373 2511 1438 2563 et
1464 2497 1710 2588 singula
1738 2499 1819 2564 ad
1862 2500 2222 2566 instantiam
2260 2513 2325 2566 et
2365 2499 2807 2586 requisiciones
2846 2497 2967 2583 maj
2976 2496 3098 2562 oris
3136 2508 3201 2562 et
3237 2497 3403 2562 vice-

635 2598 936 2663 comitum
964 2599 1234 2666 civitatis
1263 2600 1510 2668 Dublin
1537 2604 1653 2668 sub
1682 2603 1888 2690 sigillo
1919 2603 2207 2670 scaccarii
2235 2603 2432 2668 nostri
2474 2603 2743 2690 predicti
2772 2602 3069 2668 duximus
3099 2603 3405 2690 exempli-

633 2703 877 2771 ficanda
904 2730 1018 2793 per
1043 2720 1376 2794 presentes.
1443 2707 1523 2773 In
1543 2708 1723 2795 cujus
1743 2710 1835 2775 rei
1861 2709 2289 2776 testimonium
2316 2709 2429 2775 has
2455 2709 2690 2775 litteras
2718 2724 2955 2775 nostras
2983 2708 3119 2775 fieri
3146 2709 3405 2776 fecimus
3462 2786 3467 2789 ,

635 2826 934 2900 patentes.
982 2814 1170 2881 Teste
1201 2814 1544 2882 Edmundo
1572 2818 1834 2883 Pelham
1863 2819 2066 2884 milite
2087 2818 2341 2907 capitali
2368 2819 2599 2885 barone
2622 2817 2911 2885 scaccarii
2940 2816 3207 2905 predicti
3236 2817 3405 2904 apud

634 2935 903 2987 castrum
932 2934 1212 2986 nostrum
1244 2921 1492 2988 Dublin
1521 2936 1743 2989 octavo
1761 2923 1864 2990 die
1894 2923 2219 2989 Februarii
2248 2947 2413 2988 anno
2439 2922 2619 3008 regni
2645 2922 2841 2988 nostri
2870 2922 3111 3009 Anglie
3142 2922 3403 2987 Francie

633 3039 698 3091 et
751 3024 1058 3091 Hibernie
1109 3026 1383 3093 secundo
1429 3040 1494 3093 et
1547 3026 1756 3095 Scotie
1801 3028 2142 3095 tricessimo
2188 3043 2407 3094 octavo
2454 3064 2467 3079 ·
2516 3030 2638 3094 Per
2686 3026 3403 3095 barones—Reman

629 3130 824 3211 Book,
854 3155 960 3219 pp.
994 3153 1135 3219 αις,
1169 3137 1311 3200 216.

711 4528 896 4578 raxsn
928 4524 1122 4573 saca.
1154 4524 1283 4571 soc.
1323 4526 1421 4569 ιο.
2033 4499 2080 4565 k
3170 4500 3396 4566 Rental
