4295 5410
1981 625 2070 716 67

632 807 996 873 inconcussa
1041 817 1400 895 permaneat
1444 805 1608 871 hanc
1647 816 1878 870 cartam
1911 802 2375 890 [impressione]
2408 802 2598 890 sigilli
2628 803 2754 868 mei
2799 813 2864 867 et
2908 801 3099 890 sigilli
3131 801 3402 869 Simonis

631 913 808 977 Brun
836 926 988 979 tunc
1033 911 1330 999 temporis
1375 909 1633 975 senioris
1683 907 1940 974 consilio
1971 906 2378 972 discretorum
2424 907 2701 972 virorum
2756 907 3165 973 corroboravi.
3254 909 3400 974 Hiis

627 1016 887 1083 testibus
931 1055 944 1068 ·
992 1015 1248 1082 Simone
1297 1015 1472 1078 Brun
1506 1013 1652 1078 ·W.
1684 1012 1762 1078 de
1811 1011 2054 1077 Conac:
2089 1050 2101 1062 ·
2136 1010 2449 1076 Herberto
2497 1011 2575 1076 de
2622 1010 2863 1077 Cestria
2894 1051 2907 1063 ·
2932 1011 3038 1076 W.
3072 1013 3353 1080 Culkard
3385 1055 3396 1066 -

632 1121 901 1188 Ricardo
931 1122 1212 1188 Reuelch
1247 1161 1259 1172 ·
1289 1120 1399 1185 W.
1431 1119 1918 1186 Andinodernes
1958 1156 1972 1168 ·
2015 1119 2354 1209 Radulpho
2394 1119 2543 1185 Piro
2584 1159 2596 1170 ·
2640 1120 2908 1186 Ricardo
2940 1120 3278 1210 Capellano
3327 1124 3403 1188 de

627 1241 836 1293 sancto
859 1229 1119 1296 Andr-ea
1151 1268 1162 1279 ·
1194 1229 1238 1294 J
1239 1228 1471 1295 ord-ano
1500 1227 1726 1294 clerico
1755 1228 1868 1314 qui
1894 1228 2056 1293 hanc
2086 1237 2319 1293 cartam
2347 1227 2591 1315 scripsit
2618 1238 2683 1292 et
2710 1226 2923 1291 multis
2952 1227 3103 1291 aliis

1849 1573 2174 1648 LXXV.

1722 1763 1838 1837 Ἐκ
1867 1759 2282 1835 Ἑοηαῆτοίιι.

818 1951 1016 2017 Otum
1067 1951 1148 2016 sit
1189 1949 1578 2039 presentibus
1628 1961 1692 2014 et
1731 1949 1956 2014 futuris
2003 1947 2175 2035 quod
2220 1972 2337 2036 ego
2365 1947 2683 2013 Walterus
2712 1947 2791 2013 de
2821 1948 3226 2014 Redelesford
3254 1949 3399 2016 dedi

858 2056 1130 2122 concessi
1159 2067 1225 2120 et
1249 2054 1368 2120 hac
1396 2054 1669 2142 presenti
1715 2066 1882 2119 carta
1925 2077 2067 2120 mea
2110 2052 2473 2120 confirmavi
2518 2053 2657 2119 Deo
2700 2067 2764 2120 et
2809 2054 3066 2120 ecclesie
3096 2054 3403 2121 Omnium

635 2163 1004 2228 Sanctorum
1023 2161 1215 2247 juxta
1243 2158 1488 2225 Dublin
1515 2170 1580 2224 et
1607 2157 1922 2224 canonicis
1948 2157 2189 2223 ibidem
2220 2157 2359 2223 Deo
2388 2157 2799 2224 servientibus
2832 2197 2845 2208 ·
2877 2159 3106 2247 viginti
3137 2173 3402 2246 quatuor

631 2291 797 2332 acras
818 2279 980 2332 terre
1008 2287 1146 2330 mee
1170 2263 1248 2328 de
1271 2272 1626 2327 tenemento
1655 2285 1795 2327 meo
1823 2261 1892 2326 in
1921 2260 2465 2327 Donenahcbroch
2492 2285 2606 2350 pro
2645 2262 2855 2329 anima
2890 2288 3031 2330 mea
3057 2277 3122 2330 et
3148 2266 3402 2332 Amicie

631 2395 852 2460 sponse
880 2393 1016 2435 mee
1047 2381 1111 2434 et
1139 2367 1460 2432 animabus
1499 2377 1954 2431 antecessorum
1982 2377 2047 2431 et
2075 2390 2493 2433 successorum
2520 2392 2805 2436 meorum
2832 2371 2901 2434 in
2923 2395 3145 2459 puram
3172 2385 3237 2439 et
3264 2397 3402 2461 per-

627 2494 881 2567 petuam
910 2478 1074 2542 dicte
1113 2474 1367 2541 ecclesie
1405 2474 1717 2540 canonicis
1747 2474 2145 2540 elemosinam
2174 2499 2600 2563 permansuras
2634 2516 2646 2528 ·
2677 2477 2973 2544 videlicet
2998 2478 3136 2544 illas
3175 2479 3403 2567 viginti

631 2599 896 2669 quatuor
924 2605 1090 2647 acras
1113 2603 1235 2666 que
1255 2589 1402 2644 sunt
1421 2577 1709 2666 proxime
1723 2578 1916 2665 juxta
1942 2579 2113 2644 viam
2135 2603 2257 2666 que
2288 2603 2353 2646 se
2376 2583 2665 2648 extendit
2686 2609 2722 2649 a
2749 2584 2901 2649 villa
2927 2585 3005 2650 de
3029 2584 3402 2653 Donenahc—

631 2692 824 2759 broch
853 2714 1064 2757 versus
1092 2688 1338 2754 Dublin
1365 2712 1563 2775 usque
1594 2686 1673 2752 ad
1699 2699 1928 2754 terram
1955 2687 2194 2754 civium
2223 2689 2535 2777 sepedic‘oe
2564 2690 2834 2757 civitatis
2862 2715 3052 2780 penes
3082 2693 3400 2759 orientem.

761 2798 848 2863 Et
876 2798 1182 2862 dividitur
1209 2810 1370 2861 terra
1396 2796 1506 2861 illa
1534 2820 1571 2860 a
1596 2808 1760 2860 terra
1788 2796 2098 2861 dictorum
2141 2796 2379 2862 civium
2408 2821 2521 2885 per
2550 2798 2885 2887 aquagium
2928 2811 2993 2864 et
3020 2798 3309 2865 extendit
3337 2824 3401 2865 se

629 2929 825 2991 usque
853 2904 934 2969 ad
953 2904 1178 2969 fundos
1198 2902 1527 2968 hominum
1555 2926 1837 2967 meorum
1863 2903 1942 2968 de
1970 2903 2512 2971 Donenahcbroch
2541 2944 2553 2956 ·
2578 2905 2893 2972 habendas
2932 2918 2995 2970 et
3035 2906 3401 2993 optinendas

633 3012 828 3078 dictas
855 3009 1085 3098 viginti
1115 3022 1379 3095 quatuor
1407 3034 1575 3075 acras
1605 3010 1683 3075 de
1714 3009 1879 3075 dono
1907 3034 2048 3076 meo
2076 3010 2272 3077 libere
2301 3011 2560 3100 pacifice
2590 3012 2800 3098 quiete
2827 3012 3070 3101 integre
3100 3013 3259 3078 sicut
3288 3012 3399 3077 ali·

634 3143 757 3205 qua
784 3117 1119 3184 elemosina
1144 3116 1400 3183 liberius
1428 3116 1532 3182 vel
1561 3116 1783 3183 melius
1813 3118 1916 3183 vel
1943 3117 2190 3206 plenius
2220 3118 2353 3183 dari
2383 3132 2603 3206 potest.
2693 3120 2835 3207 Ego
2864 3142 3013 3183 vero
3052 3131 3116 3184 et
3142 3118 3401 3184 heredes

631 3227 754 3292 mei
777 3225 1119 3313 predictam
1139 3238 1366 3292 terram
1387 3224 1665 3313 predicte
1687 3224 1944 3291 ecclesie
1967 3238 2033 3292 et
2053 3225 2369 3291 canonicis
2391 3238 2605 3292 contra
2634 3249 2846 3291 omnes
2861 3225 3145 3291 homines
3166 3249 3399 3290 waren-

629 3332 975 3399 tizabimus.
1021 3332 1116 3397 Ut
1143 3344 1350 3397 autem
1371 3330 1489 3397 hec
1517 3354 1657 3396 mea
1678 3330 1939 3397 donacio
1967 3344 2100 3396 rata
2127 3345 2479 3418 perseveret
2505 3332 2575 3395 in
2606 3342 2919 3419 posterum
2948 3342 3013 3396 et
3039 3330 3403 3395 inconcussa

632 3464 879 3528 presens
924 3439 1224 3527 scriptum
1267 3438 1458 3527 sigilli
1496 3437 1898 3526 impressione
1940 3438 2067 3504 mei
2111 3438 2417 3505 roboravi.
2504 3438 2651 3503 Hiis
2696 3437 2957 3503 testibus
2990 3476 3002 3487 ·
3036 3435 3288 3500 domino
3318 3434 3395 3498 R.

631 3546 846 3612 Priore
894 3544 1119 3612 Sancte
1150 3544 1476 3609 Trinitatis
1509 3582 1521 3593 ·
1554 3544 1825 3610 Ricardo
1865 3544 1944 3609 de
1975 3543 2194 3632 Cogan
2221 3582 2234 3596 ·
2260 3544 2600 3610 Eustachio
2630 3543 2710 3610 de
2739 3543 2923 3630 Rupe
2956 3580 2967 3592 ·
2999 3542 3043 3607 J
3046 3541 3289 3606 ohanne
3318 3539 3396 3605 de

635 3651 854 3739 Cogan
885 3687 899 3702 ·
932 3649 1149 3715 Haket
1187 3649 1265 3715 de
1303 3646 1694 3712 Ridelesford
1727 3686 1740 3699 ·
1772 3647 2072 3737 Philippo
2109 3648 2242 3714 filio
2273 3648 2383 3714 Ris
2417 3687 2429 3700 ·
2462 3648 2674 3714 Adam
2702 3648 2781 3715 de
2812 3648 2995 3735 Rupe
3029 3685 3041 3696 ·
3074 3646 3398 3712 Willelmo

632 3755 710 3820 de
740 3754 1010 3819 Fronces
1043 3791 1055 3802 ·
1087 3750 1362 3817 Roberto
1390 3747 1521 3813 filio
1551 3748 1743 3814 Rolin
1772 3763 1836 3816 et
1861 3750 2075 3817 multis
2105 3750 2258 3817 aliis.

1938 4517 2001 4582 K
2033 4542 2068 4587 2
3075 4517 3391 4583 LXXVI.
