4295 5410
2244 618 2335 688 50

907 775 1085 840 Prior
1113 788 1336 863 petunt
1361 775 1686 841 licenciam
1725 776 2142 842 concordandi
2174 788 2238 842 et
2263 776 2514 841 habent.
2603 775 2693 839 Et
2719 773 3033 863 predictus
3062 774 3245 839 Prior
3272 795 3385 860 pro
3413 771 3677 837 licencia

907 882 1321 948 concordandi
1366 884 1576 971 perpl:
1623 884 2042 973 predictorum
2079 884 2391 951 Willelmi
2432 896 2498 949 et
2536 883 2796 950 Roberti
2844 882 2952 969 qui
2998 881 3235 948 solvere
3282 880 3514 945 debent
3546 917 3557 927 ·
3592 879 3679 942 Et

907 1002 1000 1052 est
1027 989 1356 1054 concordia
1391 990 1529 1054 talis
1569 990 1737 1076 quod
1775 991 2089 1078 predictus
2117 991 2477 1056 Willelmus
2525 990 2825 1078 cognovit
2860 989 3213 1077 predictum
3250 998 3677 1052 tenementum

907 1120 1035 1163 esse
1056 1096 1162 1181 jus
1192 1096 1424 1162 Prioris
1470 1111 1535 1162 et
1572 1098 1826 1164 ecclesie
1874 1123 1981 1164 sue
2011 1099 2289 1187 predicte
2335 1112 2400 1164 et
2432 1098 2541 1164 illa
2586 1099 2644 1165 ei
2674 1099 2950 1164 reddidit
2983 1099 3052 1162 in
3080 1098 3299 1164 eadem
3344 1095 3518 1161 curia
3550 1133 3563 1146 ·
3594 1095 3683 1159 Et

906 1226 1020 1289 pro
1040 1201 1158 1268 hac
1180 1204 1511 1270 concordia
1531 1218 1596 1270 et
1614 1206 1970 1272 reddicione
1991 1208 2308 1295 predictus
2324 1208 2505 1272 Prior
2520 1207 2759 1273 remisit
2775 1207 3057 1296 predicto
3064 1205 3390 1271 Willelmo
3412 1203 3681 1289 dampna

907 1331 1030 1393 que
1061 1309 1379 1374 occasione
1403 1309 1718 1376 disseisine
1747 1310 2041 1376 sustinuit
2062 1351 2073 1362 ·
2097 1311 2187 1375 Et
2206 1311 2492 1376 similiter
2517 1311 2821 1377 concessit
2843 1310 3013 1396 quod
3034 1308 3351 1397 predictus
3374 1307 3681 1371 Robertus

909 1411 1104 1477 Rowe
1133 1413 1360 1478 habeat
1386 1425 1700 1478 vesturam
1729 1414 1989 1479 dimidie
2031 1439 2169 1480 acre
2198 1429 2359 1480 terre
2389 1438 2557 1480 nunc
2587 1416 2667 1480 de
2692 1416 3007 1480 frumento
3036 1415 3337 1480 seminate
3364 1414 3433 1478 in
3463 1413 3680 1480 eodem

911 1530 1266 1584 tenemento
1299 1557 1312 1570 ·
1345 1519 1444 1585 Ita
1471 1519 1640 1604 quod
1668 1519 1748 1585 ad
1775 1520 2136 1607 proximum
2166 1521 2503 1587 terminum
2532 1535 2898 1587 consuetum
2927 1523 3127 1586 solvat
3174 1521 3325 1586 inde
3366 1521 3679 1586 redditum

912 1645 1024 1709 pro
1053 1623 1344 1710 porcione
1372 1625 1655 1692 debitum
1683 1641 1748 1692 et
1773 1627 2034 1694 ulterius
2063 1628 2142 1694 de
2172 1642 2335 1696 terra
2360 1630 2471 1696 illa
2496 1655 2561 1696 se
2590 1655 2717 1696 non
2746 1630 3138 1696 intromittat.

1041 1875 1232 1943 Liber
1279 1877 1395 1944 iste
1441 1878 1719 1944 continet
1746 1880 2072 1968 sexaginta
2101 1881 2378 1966 quinque
2407 1880 2555 1946 folia
2600 1895 2727 1946 tam
2775 1883 3001 1970 scripta
3048 1907 3234 1968 quam
3282 1907 3408 1947 non
3458 1881 3682 1970 scripta

915 2006 1076 2046 anno
1106 1982 1364 2047 Domini
1405 2006 1557 2070 1553
1593 2007 1856 2070 quorum
1884 1984 2339 2072 quinquaginta
2367 2006 2595 2047 novem
2624 1998 2769 2049 sunt
2797 1985 3039 2072 scripta.

2151 2333 2435 2404 XLIX.

918 2515 1131 2587 Quarta
1174 2514 1487 2589 Ἐετιιιίῑίί
1529 2516 1746 2606 sangis
1791 2517 2075 2608 ‘augente
2127 2523 2198 2589 uz
2243 2517 2637 2607 wulstanum
2698 2537 2835 2591 mm
2895 2518 3260 2602 hominihus
3320 2522 3463 2594 suis
3518 2523 3682 2594 farta

919 2613 1266 2689 &mustias
1301 2615 1604 2699 spamus.

1017 2804 1080 2868 N
1109 2805 1362 2871 nomine
1394 2820 1602 2872 sancte
1631 2820 1696 2871 et
1722 2807 2049 2873 individue
2075 2807 2403 2874 Trinitatis
2432 2808 2623 2895 patris
2662 2821 2727 2873 et
2752 2808 2868 2872 filii
2900 2822 2963 2873 et
2991 2808 3241 2896 spiritus
3270 2812 3465 2877 sancti
3500 2850 3511 2863 ·
3546 2814 3687 2900 Ego

1061 2910 1438 2975 Diarmicius
1467 2910 1611 2975 Rex
1641 2910 2124 2999 Lageniensium
2154 2936 2267 3000 pro
2299 2914 2423 2978 Dei
2452 2938 2659 2979 amore
2705 2929 2772 2979 et
2815 2915 3019 2979 anime
3048 2939 3185 2981 mee
3231 2916 3426 2983 salute
3457 2919 3685 2983 donavi

916 3031 980 3084 et
1007 3017 1235 3083 tradidi
1265 3016 1571 3104 spirituali
1599 3017 1762 3105 patri
1791 3031 1855 3082 et
1892 3018 2221 3083 confessori
2252 3043 2393 3085 meo
2422 3020 2646 3085 Edano
2676 3019 3058 3109 Lugwdensi
3087 3020 3379 3111 episcopo
3424 3025 3503 3088 ad
3533 3050 3687 3113 opus

917 3125 1354 3190 canonicorum
1383 3124 1639 3191 ecclesie
1669 3125 1797 3191 filie
1827 3126 1976 3190 Zole
2006 3140 2071 3192 et
2098 3150 2517 3193 successorum
2548 3151 2761 3192 eorum
2792 3130 3017 3193 terram
3041 3128 3352 3213 quandam
3382 3154 3505 3215 que
3534 3130 3688 3194 dici-

920 3245 1020 3295 tur
1049 3228 1473 3317 Balidubgaill
1500 3252 1644 3293 cum
1682 3228 2040 3294 hominibus
2085 3229 2210 3294 suis
2244 3269 2255 3281 ·
2289 3230 2527 3296 scilicet
2556 3231 2787 3296 Melisu
2812 3230 3219 3298 Macfeilecan
3262 3257 3406 3298 cum
3435 3234 3581 3298 filiis
3626 3250 3691 3299 et

919 3335 1250 3424 nepotibus
1273 3335 1403 3416 ‚suis
1424 3335 1650 3401 liberos
1679 3347 1744 3401 et
1764 3336 2074 3402 absolutos
2105 3362 2140 3402 a
2162 3337 2601 3425 procuracione
2632 3351 2695 3403 et
2716 3338 3127 3425 expedicione
3155 3363 3295 3404 mea
3323 3355 3387 3405 et
3410 3341 3689 3405 omnium

922 3444 989 3509 in
1005 3443 1308 3531 regimine
1316 3444 1593 3533 Lagenie
1612 3458 1677 3511 et
1683 3446 2008 3513 Dublinne
2024 3448 2184 3513 mihi
2198 3450 2747 3519 succedenciumin
2756 3464 3119 3538 perpetuam
3133 3451 3531 3519 elemosinam
3546 3478 3689 3517 cum

919 3550 1218 3639 legitimis
1245 3564 1310 3615 et
1337 3551 1608 3637 antiquis
1645 3553 1924 3618 terminis
1953 3568 2018 3621 et
2047 3555 2335 3623 omnibus
2365 3555 2503 3623 aliis
2530 3556 2611 3622 ad
2639 3556 2901 3622 eandem
2930 3556 3147 3621 villam
3175 3557 3643 3643 pertinentibus.

1050 3656 1208 3721 Inde
1238 3656 1526 3722 omnibus
1553 3657 2044 3746 Lageniensibus
2072 3674 2138 3726 et
2166 3660 2683 3728 Dubliniensibus
2711 3661 3098 3750 presentibus
3126 3677 3190 3727 et
3209 3662 3433 3728 futuris
3461 3665 3688 3729 mando

920 3777 984 3828 et
1003 3763 1264 3827 firmiter
1292 3760 1569 3849 precipio
1597 3774 1672 3827 ut
1697 3762 1978 3849 predicto
2001 3763 2318 3852 Episcopo
2347 3777 2413 3829 et
2432 3765 2745 3831 canonicis
2766 3766 2891 3831 suis
2914 3778 2979 3831 et
2999 3790 3215 3831 eorum
3243 3770 3691 3833 successoribus

919 3871 988 3933 in
1009 3868 1246 3957 prefata
1273 3868 1532 3935 ecclesia
1567 3868 1978 3935 servientibus
2006 3870 2501 3957 prenominatam
2529 3885 2756 3937 terram
2785 3872 3137 3937 habendam
3166 3886 3230 3938 et
3257 3873 3691 3960 possidendam

922 3976 988 4039 in
1018 3988 1388 4063 perpetuum
1429 3998 1572 4041 cum
1617 3976 1789 4040 omni
1817 3976 2100 4043 libertate
2141 3977 2275 4043 sine
2322 3978 2531 4065 aliqua
2559 3978 2939 4046 decimarum
2986 3980 3313 4045 exactione
3343 3980 3411 4043 in
3439 4005 3591 4068 pace
3630 3999 3693 4044 et

921 4082 1156 4147 honore
1185 4080 1346 4148 sicut
1376 4080 1598 4145 melius
1641 4092 1707 4145 et
1747 4079 2171 4147 honorabilius
2221 4081 2473 4167 aliquod
2503 4081 2840 4169 collegium
2882 4081 3319 4147 canonicorum
3348 4082 3453 4147 vel
3478 4106 3691 4147 mona-

922 4187 1182 4251 chorum
1230 4185 1298 4249 in
1345 4185 1655 4251 Hibernia
1703 4186 1938 4273 regiam
1989 4185 2391 4253 elemosinam
2441 4188 2674 4254 habent
2720 4189 2929 4273 quiete
2968 4190 3287 4255 dimittant
3335 4205 3398 4256 et
3440 4216 3585 4256 eum
3631 4205 3696 4257 et

924 4291 1298 4357 antedictam
1317 4289 1641 4357 ecclesiam
1663 4313 1808 4357 cum
1838 4290 2125 4355 omnibus
2147 4291 2506 4361 hominibus
2528 4294 2704 4361 terris
2734 4309 2798 4361 et
2817 4297 3299 4383 possessionibus
3328 4302 3452 4367 suis
3474 4327 3691 4367 manu-

923 4412 1174 4465 teneant
1202 4415 1267 4465 et
1295 4400 1372 4466 ab
1403 4398 1572 4465 omni
1601 4398 1833 4484 injuria
1862 4399 2214 4469 defendant.

3598 4513 3687 4577 Et
