4295 5410
2276 619 2368 692 70

825 789 846 812 ⁸
937 785 1157 849 dinum
1186 809 1367 850 suum
1396 797 1577 850 extra
1603 797 1846 870 porta-m
1877 781 2031 846 dicti
2061 781 2369 868 prioratus
2412 783 2599 847 situm
2630 783 2764 849 sine
2808 783 3018 869 aliqua
3058 783 3417 873 calumpnia
3442 785 3706 872 impedi-

935 907 1147 958 mento
1177 894 1279 959 vel
1307 891 1796 959 contradictione
1819 890 1974 955 dicti
2003 889 2266 956 Roberti
2295 889 2599 955 heredum
2627 891 2730 956 vel
2760 890 3209 980 assignatorum
3240 915 3509 957 suorum.

1065 999 1153 1063 Et
1179 1023 1324 1064 cum
1355 999 1522 1064 dicta
1551 1022 1712 1083 aqua
1740 996 1818 1062 de
1849 994 2074 1083 Dodyr
2101 994 2379 1082 plenarie
2418 1009 2485 1061 et
2512 997 2889 1063 sufficienter
2917 997 2997 1062 ad
3024 997 3376 1084 predictum
3404 995 3708 1061 molendi-

935 1129 1089 1169 num
1111 1105 1300 1170 ducta
1325 1103 1514 1172 fuerit
1536 1101 1690 1167 dicti
1719 1099 1898 1164 Prior
1927 1113 1991 1163 et
2018 1111 2362 1164 conventus
2390 1112 2823 1164 concesserunt
2850 1101 3055 1166 eidem
3078 1101 3354 1166 Roberto
3382 1113 3449 1166 et
3469 1098 3710 1165 heredi-

933 1215 1049 1278 bus
1092 1212 1216 1276 suis
1245 1236 1358 1298 pro
1387 1208 1650 1274 licencia
1695 1204 2086 1272 conducendi
2116 1216 2183 1269 et
2208 1203 2498 1268 trahendi
2529 1203 2763 1270 dictam
2801 1228 3028 1290 aquam
3064 1218 3138 1269 ut
3174 1206 3527 1292 predictum
3569 1217 3662 1270 est
3690 1241 3705 1255 ·

933 1316 1289 1381 molituram
1339 1315 1524 1380 unius
1569 1313 1814 1379 cranoci
1856 1311 2155 1377 frumenti
2206 1322 2271 1376 et
2308 1310 2494 1375 unius
2544 1311 2789 1377 cranoci
2818 1312 3017 1378 brasei
3054 1312 3125 1376 in
3153 1312 3323 1378 dicto
3350 1311 3709 1378 molendino

934 1422 1214 1508 qualibet
1255 1421 1598 1509 septimana
1642 1418 1774 1483 sine
1818 1418 2028 1504 aliquo
2057 1417 2294 1482 tolneto
2324 1417 2471 1484 inde
2519 1417 2833 1506 exigendo
2863 1418 2967 1484 vel
2994 1417 3351 1506 recipiendo
3380 1443 3494 1506 pro
3540 1418 3709 1483 omni

935 1529 1056 1594 alio
1086 1527 1346 1593 servicio
1376 1527 1702 1592 exactione
1731 1539 1796 1590 et
1825 1524 2152 1589 demanda.

1065 1634 1153 1698 Et
1181 1633 1384 1698 dictus
1412 1656 1560 1697 vero
1591 1631 1902 1696 Robertus
1929 1629 2190 1696 heredes
2228 1628 2324 1694 sui
2353 1642 2417 1694 et
2445 1628 2737 1716 assignati
2768 1630 3001 1696 dictam
3040 1631 3209 1695 viam
3247 1631 3327 1696 ad
3356 1631 3705 1697 conducen-

936 1740 1080 1804 dam
1110 1761 1358 1804 cursum
1400 1760 1560 1822 aque
1590 1734 1866 1823 predicte
1895 1757 2007 1821 per
2036 1754 2495 1818 quemcumque
2523 1730 2732 1798 locum
2763 1732 2917 1798 dicti
2945 1735 3285 1800 tenementi
3314 1735 3410 1800 sui
3440 1735 3519 1800 de
3542 1735 3709 1800 Rath

934 1868 1122 1932 quem
1149 1844 1344 1910 iidem
1372 1843 1552 1909 Prior
1597 1856 1662 1908 et
1707 1851 2050 1907 conventus
2089 1839 2391 1904 duxerint
2435 1839 2797 1926 eligendum
2844 1841 2932 1906 eis
2979 1855 3043 1907 et
3088 1842 3214 1908 suis
3260 1844 3706 1909 successoribus

933 1967 1148 2019 contra
1193 1976 1406 2017 omnes
1434 1951 1719 2017 homines
1764 1965 1829 2016 et
1866 1949 2126 2017 feminas
2173 1948 2668 2015 warantizabunt
2712 1951 3157 2037 acquietabunt
3186 1965 3249 2018 et
3277 1953 3613 2019 defendent
3638 1953 3709 2017 in

933 2074 1322 2148 perpetuum.
1412 2061 1500 2124 Et
1530 2059 1684 2124 dicti
1708 2057 1888 2124 Prior
1916 2070 1980 2123 et
2001 2069 2346 2123 conventus
2375 2070 2441 2122 et
2460 2081 2677 2122 eorum
2698 2082 3071 2124 successores
3093 2059 3323 2125 dictam
3353 2059 3709 2124 molituram

933 2168 1119 2233 unius
1156 2168 1401 2233 cranoci
1429 2167 1728 2232 frumenti
1758 2179 1823 2232 et
1849 2165 2035 2231 unius
2061 2165 2263 2231 brasei
2292 2189 2404 2252 per
2432 2165 2777 2252 quamlibet
2814 2167 3222 2254 septimanam
3256 2180 3331 2232 ut
3356 2166 3709 2255 predictum

932 2286 1026 2338 est
1054 2273 1222 2338 dicto
1245 2273 1520 2340 Roberto
1541 2273 1874 2338 heredibus
1897 2272 2020 2337 suis
2049 2272 2154 2337 vel
2183 2271 2504 2360 assignatis
2532 2271 2601 2336 in
2628 2286 3002 2360 perpetuum
3028 2273 3353 2339 invenient
3381 2287 3446 2339 et
3472 2297 3707 2338 waran-

931 2379 1230 2444 tizabunt.
1318 2381 1397 2445 In
1443 2381 1621 2465 cujus
1665 2381 1758 2445 rei
1796 2379 2227 2446 testimonium
2262 2379 2535 2466 presenti
2582 2380 2811 2468 scripto
2840 2379 3139 2468 bipartito
3186 2380 3390 2469 sigilla
3427 2380 3705 2468 parcium

934 2487 1283 2553 alternatim
1311 2501 1458 2554 sunt
1487 2488 1780 2576 apposita.
1870 2489 2109 2554 Datum
2131 2487 2377 2553 Dublin
2400 2487 2503 2552 die
2532 2499 2596 2553 et
2624 2511 2787 2553 anno
2816 2499 2889 2552 ut
2908 2511 3109 2575 supra.

2136 2834 2504 2907 LXXIX.

1591 3023 1707 3097 Ἐκ
1742 3034 1901 3095 tetta
1937 3023 2006 3093 in
2039 3020 2421 3109 walpuftyn
2458 3024 2633 3112 §tuta
2666 3020 3047 3113 eug-laban.

1067 3214 1255 3281 Ciant
1281 3225 1594 3302 presentes
1622 3223 1686 3277 et
1713 3210 1908 3276 futuri
1938 3210 2107 3296 quod
2137 3234 2255 3299 ego
2286 3210 2555 3277 Claricia
2580 3210 2712 3276 filia
2740 3210 3012 3278 Gilberti
3039 3209 3156 3275 filii
3186 3210 3439 3276 Gfiffini
3468 3210 3612 3277 dedi
3640 3220 3707 3275 et

1108 3315 1382 3383 concessi
1403 3328 1468 3380 et
1493 3315 1610 3380 hac
1631 3314 1906 3401 presenti
1935 3328 2103 3380 carta
2129 3339 2271 3381 mea
2297 3316 2661 3383 confirmavi
2684 3317 2824 3383 Deo
2854 3330 2918 3383 et
2946 3316 3161 3383 domui
3184 3318 3488 3383 Omnium
3515 3317 3705 3383 Sanc-

933 3437 1141 3487 torum
1163 3420 1408 3485 Dublin
1437 3431 1501 3484 et
1529 3418 1840 3483 canonicis
1860 3418 2101 3484 ibidem
2117 3419 2259 3486 Deo
2288 3420 2700 3489 servientibus
2725 3460 2739 3474 ·
2764 3446 2877 3511 pro
2908 3422 3103 3488 salute
3133 3423 3338 3489 anime
3365 3447 3504 3489 mee
3534 3435 3704 3489 ante-

935 3550 1246 3595 cessorum
1275 3538 1338 3591 et
1366 3547 1783 3591 successorum
1811 3547 2094 3589 meorum
2123 3524 2193 3588 in
2229 3524 2491 3593 liberam
2537 3528 2935 3594 elemosinam
2964 3528 3289 3595 dimidiam
3327 3542 3708 3595 carrucatam

936 3650 1098 3703 terre
1141 3658 1281 3700 mee
1327 3657 1473 3699 cum
1516 3632 1640 3698 suis
1679 3631 2081 3719 pertinenciis
2127 3631 2207 3697 de
2246 3645 2409 3699 terra
2445 3634 2662 3700 arabili
2690 3634 2759 3699 in
2788 3632 3136 3723 Balyofryn
3167 3672 3181 3686 ·
3210 3635 3507 3701 videlicet
3534 3635 3707 3700 illam

934 3754 1158 3806 terram
1206 3762 1327 3825 que
1365 3737 1534 3823 jacet
1571 3737 1640 3801 in
1684 3736 2017 3802 latitudine
2060 3737 2473 3824 propinquius
2521 3751 2680 3804 terre
2721 3739 2961 3804 domini
2998 3741 3043 3805 J
3045 3741 3306 3807 ohannis
3344 3742 3587 3807 Harold
3626 3744 3705 3809 de

937 3846 1363 3936 Kylgabanyn
1391 3868 1476 3910 ex
1504 3868 1630 3909 una
1657 3856 1831 3931 parte
1861 3856 1924 3909 et
1953 3855 2112 3909 terre
2132 3844 2178 3908 J
2180 3867 2345 3911 ames
2365 3844 2483 3910 filii
2506 3844 2769 3912 Henrici
2794 3845 2872 3912 de
2895 3846 3135 3912 Gemet
3162 3871 3247 3912 ex
3276 3848 3467 3913 altera
3494 3862 3669 3938 parte
3688 3889 3705 3901 ·

933 3953 1004 4017 in
1031 3950 1424 4039 longitudine
1455 3974 1602 4015 vero
1649 3975 1685 4014 a
1722 3950 1882 4037 pede
1921 3962 2215 4016 montane
2258 3952 2719 4041 propinquioris
2757 3966 2918 4021 terre
2948 3955 3100 4022 dicti
3131 3956 3371 4022 domini
3398 3959 3443 4023 J
3444 3958 3709 4026 ohannis

935 4082 1131 4144 usque
1170 4058 1250 4122 ad
1278 4080 1525 4122 cursum
1572 4080 1730 4144 aque
1778 4056 2078 4123 currentis
2106 4058 2271 4124 inter
2298 4071 2524 4127 terram
2553 4062 2609 4148 ej
2615 4061 2832 4127 usdem
2862 4062 3101 4127 domini
3128 4064 3173 4128 J
3174 4064 3435 4130 ohannis
3464 4065 3710 4133 Harold

937 4181 1001 4232 et
1057 4166 1340 4231 eamdem
1391 4178 1618 4230 terram
1674 4165 2113 4232 canonicorum
2169 4191 2315 4232 cum
2372 4181 2505 4235 tota
2560 4170 2877 4235 communi
2935 4183 3185 4257 pastura
3237 4184 3709 4238 montanearum

937 4271 1392 4359 pertinencium
1421 4270 1502 4336 ad
1529 4269 1876 4359 Balyofryn
1905 4271 1984 4337 ad
2008 4271 2219 4338 omnia
2246 4298 2475 4360 genera
2502 4274 2868 4341 animalium
2896 4289 3205 4363 quotquot
3234 4300 3462 4366 ponere
3490 4278 3705 4345 volue-

937 4387 1080 4452 rint.

3334 4492 3703 4561 Tenendam
