4295 5410
1835 619 1947 692 lix

500 802 813 892 premissis
863 826 974 869 seu
1021 803 1233 889 aliquo
1282 801 1723 889 premissorum
1769 801 1980 868 minus
2029 803 2227 890 captis
2261 827 2468 869 coram
2519 803 2830 890 aliquibus
2881 808 3295 874 escaetoribus

498 909 725 974 nostris
762 933 874 975 seu
912 908 1225 995 aliquibus
1268 907 1405 972 aliis
1448 907 1761 972 officiariis
1805 907 2027 972 nostris
2072 908 2139 972 in
2185 921 2348 973 terra
2391 921 2604 974 nostra
2641 909 2951 976 Hibernie
2999 925 3064 978 et
3105 913 3182 978 iis
3225 915 3292 979 in

497 1017 869 1084 cancellaria
893 1018 998 1083 vel
1026 1015 1331 1082 scaccario
1360 1014 1586 1080 nostris
1615 1029 1776 1081 terre
1808 1028 2014 1081 nostre
2045 1015 2356 1081 Hibernie
2387 1015 2466 1081 de
2496 1015 2754 1081 recordo
2792 1039 2920 1081 non
2955 1019 3288 1083 retur-natis

498 1123 577 1188 de
614 1124 759 1208 jure
788 1137 854 1189 et
880 1123 1068 1188 titulo
1096 1120 1319 1187 nostris
1362 1120 1637 1186 inventis
1676 1119 1755 1186 de
1796 1119 2107 1208 premissis
2138 1145 2249 1186 seu
2280 1121 2357 1188 de
2403 1121 2613 1207 aliquo
2657 1121 3098 1209 premissorum
3146 1139 3289 1188 ante

497 1231 960 1298 confeccionem
998 1229 1349 1296 litterarum
1395 1243 1743 1293 nostrarum
1789 1226 2149 1314 patencium
2179 1228 2522 1292 secundum
2563 1241 2846 1294 tenorem
2896 1241 2961 1293 et
2994 1230 3286 1296 effectum

496 1337 715 1402 statuti
743 1337 822 1402 de
853 1361 1015 1403 anno
1043 1335 1223 1425 regni
1252 1335 1416 1424 regis
1446 1334 1713 1400 Henrici
1736 1333 1899 1400 sexti
1916 1357 2119 1421 nuper
2147 1334 2314 1422 regis
2341 1334 2583 1423 Anglie
2612 1335 2858 1400 decimo
2887 1349 3110 1402 octavo
3139 1336 3286 1404 inde

497 1443 654 1508 editi
700 1456 765 1508 et
806 1443 1041 1531 provisi
1086 1467 1100 1480 ·
1154 1442 1243 1507 Et
1285 1442 1456 1528 quod
1505 1441 1624 1506 iste
1670 1440 1948 1528 predicte
2000 1441 2206 1506 littere
2257 1454 2464 1507 nostre
2508 1455 2792 1529 patentes
2835 1443 2959 1506 sint
3001 1457 3286 1531 reputate

498 1564 751 1638 accepte
780 1565 844 1615 et
871 1548 1027 1615 adeo
1057 1546 1265 1614 valide
1293 1559 1359 1612 et
1397 1545 1559 1611 tanti
1587 1544 1825 1632 vigoris
1862 1544 1932 1608 in
1971 1542 2109 1630 lege
2153 1567 2303 1631 erga
2345 1568 2460 1608 nos
2502 1544 2761 1610 heredes
2804 1559 2870 1610 et
2911 1569 3289 1612 successores

494 1669 737 1722 nostros
780 1656 967 1722 sicuti
1011 1653 1461 1741 inquisiciones
1504 1666 1569 1717 et
1611 1650 1818 1717 officia
1862 1651 2011 1718 inde
2060 1651 2372 1740 legittime
2423 1650 2613 1716 modo
2659 1651 2728 1715 in
2775 1652 3146 1718 cancellaria
3184 1653 3284 1718 vel

497 1763 805 1828 scaccario
832 1775 1043 1828 nostro
1074 1777 1235 1827 terre
1264 1775 1471 1826 nostre
1504 1758 1813 1825 Hibernie
1856 1759 1933 1824 de
1973 1759 2234 1825 recordo
2277 1771 2590 1823 retornata
2635 1756 2889 1823 fuerunt
2934 1758 3285 1823 secundum

496 1883 777 1935 tenorem
824 1868 1039 1934 statuti
1068 1867 1356 1956 predicti.
1406 1867 1546 1930 Aut
1594 1889 1669 1930 eo
1708 1864 1879 1952 quod
1921 1889 2217 1953 expressa
2261 1865 2507 1931 mencio
2544 1865 2623 1930 de
2653 1890 2802 1932 vero
2831 1867 3042 1933 valore
3073 1893 3283 1934 annuo

498 1989 608 2040 aut
624 1975 703 2040 de
722 1975 931 2061 aliquo
956 1974 1077 2040 alio
1096 1973 1307 2038 valore
1324 1985 1435 2038 aut
1454 1971 1533 2037 de
1551 1970 1927 2036 certitudine
1946 1971 2388 2058 premissorum
2407 1985 2516 2036 aut
2535 1996 2751 2037 eorum
2772 1973 3036 2060 alicujus
3067 1989 3175 2039 aut
3205 1976 3283 2039 de

496 2081 633 2146 aliis
663 2079 844 2146 donis
874 2080 1005 2144 sive
1035 2077 1539 2145 concessionibus
1568 2099 1680 2164 per
1708 2100 1820 2140 nos
1843 2076 1945 2140 vel
1974 2099 2088 2164 per
2116 2076 2390 2162 aliquem
2421 2076 2892 2165 progenitorum
2923 2103 3030 2144 seu
3062 2080 3282 2169 prede-

494 2211 807 2253 cessorum
857 2201 1211 2251 nostrorum
1260 2183 1511 2273 prefatis
1558 2183 1779 2269 majori
1831 2184 2083 2249 ballivis
2133 2184 2380 2251 civibus
2418 2201 2483 2251 et
2531 2185 2968 2252 communitati
3013 2187 3286 2253 civitatis

495 2309 705 2360 nostre
734 2294 1013 2382 predicte
1046 2305 1189 2359 ante
1218 2293 1337 2359 hec
1369 2307 1648 2381 tempore
1679 2292 1857 2358 factis
1900 2293 1968 2358 in
2013 2295 2404 2381 presentibus
2433 2293 2692 2358 minime
2722 2295 2884 2359 facta
2912 2294 3133 2360 existit
3177 2307 3286 2360 aut

495 2425 625 2467 non
655 2400 873 2467 existit
901 2415 1011 2466 aut
1039 2401 1251 2487 aliquo
1280 2400 1401 2466 alio
1432 2413 1663 2466 statuto
1693 2415 1836 2466 actu
1867 2400 2268 2466 ordinacione
2311 2399 2669 2488 provisione
2713 2400 2845 2466 sive
2888 2399 3284 2466 restriccione

497 2521 642 2573 ante
669 2507 789 2572 hec
816 2521 1099 2594 tempora
1124 2507 1193 2571 in
1222 2507 1605 2572 contrarium
1649 2507 1834 2574 editis
1880 2507 2182 2573 ordinatis
2225 2508 2356 2573 sive
2401 2506 2664 2596 provisis
2694 2519 2802 2572 aut
2831 2507 3040 2592 aliqua
3067 2506 3190 2572 alia
3216 2531 3284 2572 re

496 2636 683 2678 causa
709 2613 812 2678 vel
840 2613 1099 2678 materia
1127 2639 1520 2701 quacumque
1549 2615 1620 2680 in
1648 2615 1859 2702 aliquo
1890 2641 2018 2682 non
2049 2617 2459 2682 obstantibus.
2548 2617 2627 2680 In
2656 2617 2836 2702 cujus
2875 2617 2965 2683 rei
3008 2615 3282 2682 testimo-

494 2720 672 2784 nium
704 2720 815 2785 has
841 2720 1079 2785 litteras
1105 2720 1244 2785 fieri
1272 2720 1534 2786 fecimus
1563 2734 1864 2809 patentes.
1955 2722 2146 2787 Teste
2175 2721 2414 2810 meipso
2444 2721 2612 2809 apud
2652 2721 2898 2787 Dublin
2929 2735 3149 2809 quarto
3180 2721 3283 2786 die

496 2825 820 2891 Februarii
851 2849 1016 2890 anno
1044 2825 1226 2914 regni
1254 2826 1451 2891 nostri
1480 2826 1809 2893 tricesimo.

1007 3018 1132 3085 Per
1161 3018 1379 3085 billam
1415 3018 1611 3107 ipsius
1655 3019 1895 3085 domini
1938 3021 2103 3108 regis
2147 3021 2226 3086 ab
2265 3019 2499 3108 Anglia
2537 3021 2786 3085 missam
2827 3033 2893 3085 et
2933 3043 3126 3085 manu
3169 3043 3282 3084 suo

1091 3124 1345 3212 proprio
1373 3124 1682 3213 signatam
1712 3148 1781 3190 ac
1813 3124 2182 3191 cancellario
2225 3148 2339 3190 suo
2369 3124 2501 3191 sive
2543 3123 2788 3189 custodi
2831 3124 3046 3213 magni
3089 3124 3282 3213 sigilli

1093 3230 1189 3294 sui
1234 3242 1395 3297 terre
1440 3254 1549 3295 sue
1596 3230 1907 3297 Hiber-nie
1954 3230 2252 3296 imediate
2298 3230 2598 3297 directam
2651 3231 2731 3297 de
2790 3231 2937 3297 dato
2993 3231 3278 3319 predicto

1096 3335 1463 3403 auctoritate
1509 3337 1930 3403 Parliamenti.

577 3526 925 3593 Reonrder’s
954 3526 1145 3603 Book,
1177 3551 1281 3615 pp.
1317 3549 1353 3595 2
1361 3547 1525 3614 52—2
1532 3531 1631 3613 56.

1774 3807 1993 3879 XIII.

1346 4009 1668 4108 [inspersu
1700 4012 2067 4087 tonationis
2102 4014 2451 4108 ebibam]

696 4200 968 4268 Enricus
998 4213 1255 4267 octavus
1287 4202 1391 4267 dei
1419 4200 1633 4291 gracia
1660 4200 1901 4289 Anglie
1932 4215 1997 4267 et
2026 4202 2296 4267 Francie
2325 4224 2442 4267 rex
2472 4201 2620 4267 fidei
2645 4202 2930 4268 defensor
2972 4216 3037 4267 et
3076 4201 3274 4267 domi-

738 4331 855 4373 nus
886 4307 1196 4374 Hibernie
1228 4332 1299 4374 ac
1346 4307 1415 4373 in
1458 4322 1622 4374 terra
1650 4330 2014 4395 supremum
2044 4321 2234 4397 caput
2261 4306 2520 4374 ecclesie
2556 4307 2912 4397 Anglicane
2942 4322 3007 4373 et
3047 4306 3278 4373 Hiber-

485 4416 705 4481 nicane
729 4413 1019 4480 omnibus
1042 4413 1121 4478 ad
1144 4437 1298 4499 quos
1321 4425 1638 4502 presentes
1662 4412 1873 4480 littere
1896 4426 2103 4480 nostre
2121 4414 2525 4503 pervenerint
2552 4414 2850 4482 Salutem.
2876 4413 3276 4502 Inspeximus

1844 4520 1865 4583 i
1898 4526 1937 4586 2
2997 4536 3276 4586 tenorem
