4295 5410
1951 674 2044 744 99

605 854 721 897 nec
760 830 842 897 ad
877 852 1126 919 presens
1167 828 1464 897 clamium
1503 829 1734 897 habere
1776 828 1846 895 in
1888 830 2171 918 predicto
2215 843 2570 898 tenemento
2610 853 2727 897 nec
2770 830 3043 917 aliquam
3084 830 3379 916 injuriam

605 950 748 1003 ante
794 936 1179 1003 disseisinam
1222 935 1314 1001 ibi
1357 934 1639 1001 fecerunt
1678 974 1692 987 ·
1731 948 1798 1002 et
1837 935 1959 1005 hoc
2001 952 2227 1026 petunt
2272 937 2441 1025 quod
2482 936 2835 1024 inquiratur
2876 961 2988 1025 per
3030 936 3279 1003 assisam
3314 950 3380 1001 et

605 1056 826 1109 cetera.
915 1042 1006 1108 Et
1042 1042 1358 1131 predictus
1395 1041 1742 1108 Mauricius
1769 1043 1947 1109 venit
1983 1059 2049 1110 et
2075 1044 2233 1111 dicit
2262 1044 2431 1131 quod
2460 1044 2591 1133 ipse
2626 1055 2801 1110 tenet
2843 1056 3200 1109 tenementa
3236 1064 3377 1129 pre·

605 1152 774 1218 dicta
814 1150 894 1218 de
937 1151 1220 1239 predicto
1263 1150 1480 1216 Priore
1520 1150 1602 1217 ad
1629 1150 2014 1219 voluntatem
2057 1152 2255 1240 ipsius
2292 1150 2525 1217 Prioris
2560 1150 2641 1217 de
2679 1174 2841 1216 anno
2878 1149 2946 1214 in
2986 1170 3220 1215 annum
3260 1184 3274 1197 ·
3314 1159 3380 1212 et

605 1256 776 1344 quod
803 1256 937 1345 ipse
965 1255 1160 1321 nichil
1193 1254 1364 1321 aliud
1392 1255 1688 1321 clamium
1722 1258 1852 1343 [in]
1883 1255 2181 1344 predictis
2208 1256 2579 1322 tenementis
2611 1294 2623 1307 ·
2656 1270 2721 1322 et
2749 1255 2918 1342 quod
2946 1254 3183 1321 nullam
3211 1253 3377 1340 inju-

604 1363 762 1428 riam
791 1377 902 1429 aut
928 1361 1312 1428 disseisinam
1341 1361 1432 1428 ibi
1461 1360 1611 1427 fecit
1642 1401 1656 1414 ·
1686 1362 1848 1450 petit
1875 1364 2045 1450 quod
2073 1364 2426 1451 inquiratur
2454 1387 2565 1451 per
2594 1362 2863 1429 assisam.
2950 1362 3037 1427 Et
3064 1359 3379 1450 predictus

605 1468 790 1534 Prior
825 1468 983 1535 dicit
1017 1468 1192 1556 quod
1226 1468 1360 1557 ipse
1396 1469 1654 1558 pacifice
1705 1472 2024 1559 [sei-situs]
2071 1471 2194 1538 fuit
2236 1472 2533 1561 predictis
2571 1470 2942 1537 tenementis
2990 1494 3137 1535 cum
3187 1466 3379 1557 perti-

604 1575 844 1642 nenciis
873 1598 1195 1663 quousque
1225 1575 1562 1642 disseisitus
1597 1576 1723 1643 fuit
1758 1602 1872 1667 per
1896 1578 2211 1667 predictos
2239 1577 2619 1644 Maur-icium
2659 1577 2998 1643 Howelum
3025 1576 3380 1641 «Iohannem

605 1680 951 1769 Hugonem
979 1696 1045 1747 et
1072 1681 1424 1747 Hem-icum
1451 1694 1518 1747 et
1543 1682 1706 1770 petit
1741 1682 2028 1749 similiter
2057 1683 2228 1770 quod
2259 1684 2501 1769 [inqui]
2533 1696 2705 1748 ratur
2732 1706 2845 1773 per
2873 1681 3139 1747 assisam.
3228 1680 3381 1745 Ideo

605 1803 788 1877 capta
816 1790 1001 1856 assisa
1027 1814 1150 1878 que
1179 1805 1458 1857 remanet
1495 1790 1801 1879 capienda
1825 1816 2025 1879 usque
2055 1816 2092 1858 a
2119 1790 2225 1857 die
2257 1790 2471 1858 Sancti
2501 1789 2832 1857 Michaelis
2869 1788 2938 1853 in
2966 1812 3077 1853 xv.
3109 1784 3241 1853 dies
3268 1810 3383 1875 pro

609 1892 858 1960 defectu
899 1893 1367 1983 recognicionis.
1457 1894 1546 1960 Et
1575 1896 1975 1983 [preceptum
2007 1902 2132 1983 est]
2180 1895 2535 1963 vicecomiti
2566 1893 2738 1982 quod
2763 1896 2993 1961 habeat
3016 1905 3113 1959 tot
3139 1906 3204 1959 et
3234 1892 3383 1959 tales

610 2014 674 2065 et
701 2014 923 2067 cetera.
1013 2000 1194 2067 Idem
1225 2000 1357 2067 dies
1385 2015 1478 2066 est
1505 2000 1786 2089 partibus
1815 2016 1880 2068 et
1906 2018 2128 2069 cetera.

1915 2265 2092 2337 XII.

1165 2446 1307 2547 [ax
1341 2406 1534 2525 istut:
1567 2448 1711 2543 2312
1753 2473 1862 2522 20.
1913 2452 2108 2543 βαι.
2141 2450 2297 2525 m.
2332 2448 2631 2537 ffltmh:
2680 2444 2817 2545 10.]

775 2650 1114 2719 Dmundus
1159 2652 1402 2742 Bryans
1436 2651 1517 2720 de
1553 2652 1799 2720 Dublin
1837 2653 2047 2742 posuit
2089 2654 2229 2720 loco
2268 2676 2380 2720 suo
2420 2652 2735 2718 Thomam
2780 2648 3135 2717 Archibold
3178 2671 3389 2716 versus

820 2759 1134 2825 Thomam
1162 2758 1447 2824 Priorem
1477 2757 1784 2824 Omnium
1816 2757 2188 2824 Sanctorum
2208 2759 2400 2844 juxta
2428 2757 2674 2824 Dublin
2701 2757 2770 2821 in
2798 2756 3029 2844 placito
3058 2756 3273 2823 debiti.

1901 3003 2120 3078 XIII.

727 3193 1092 3294 [visitatio
1123 3195 1352 3265 numus
1385 3189 1724 3264 assuafam
1761 3185 2220 3287 aeaattsnuu]
2278 3191 2386 3264 ax
2420 3189 2592 3280 1122.
2628 3190 2952 3280 OEttguty,
3008 3188 3117 3262 fol.
3156 3193 3267 3286 58.

799 3393 1051 3462 Isitacio
1090 3393 1398 3482 prioratus
1441 3391 1573 3457 sive
1603 3391 1824 3456 domus
1864 3391 2172 3457 Omnium
2220 3393 2591 3460 Sanctorum
2628 3393 2820 3478 juxta
2863 3393 3127 3459 Dublin.
3175 3393 3392 3462 habita

841 3517 906 3571 et
931 3503 1096 3570 facta
1122 3524 1236 3592 per
1261 3501 1628 3589 magistrum
1659 3498 1736 3563 R.
1767 3498 2050 3564 Warenn
2079 3497 2410 3564 officialem
2438 3499 2552 3564 διο.
2584 3496 2791 3562 xxvii.
2822 3496 2925 3564 die
2953 3497 3196 3586 Aprilis
3226 3487 3389 3564 anno

609 3611 848 3678 domini
897 3623 990 3677 m⁰
1017 3635 1161 3678 cccc
1187 3609 1423 3696 lxviij0.
1453 3621 1518 3675 et
1544 3608 2045 3695 comparentibus
2073 3608 2142 3672 in
2160 3606 2359 3672 domo
2387 3605 2714 3695 capitulari
2740 3605 3009 3694 predicti
3035 3604 3392 3672 monasterii

605 3719 902 3786 fratribus
917 3717 1246 3784 Willelmo
1266 3715 1550 3783 Stewnot
1564 3715 1768 3802 priore
1789 3752 1804 3766 ·
1829 3714 2145 3780 Richardo
2168 3713 2408 3780 Cristor
2427 3711 2749 3800 subpriore
2774 3711 3083 3778 ·Waltero
3112 3711 3351 3778 Fowke
3376 3747 3392 3764 ·

607 3825 882 3892 Patricio
909 3825 1140 3914 Wyott
1186 3861 1201 3875 ·
1246 3821 1524 3888 Roberto
1553 3819 1754 3887 Blake
1786 3857 1802 3873 ·
1840 3833 1906 3888 et
1935 3820 2205 3888 Ricardo
2240 3818 2513 3886 Harrold
2552 3817 2867 3885 canonicis
2909 3817 3077 3885 dicte
3114 3818 3391 3886 ecclesie.

609 3929 798 3996 Unde
839 3929 1143 4020 expositis
1192 3929 1282 3996 eis
1317 3927 1593 3995 articulis
1621 3927 1996 3994 visitationis
2039 3928 2221 3994 Prior
2248 3927 2406 3994 dicit
2446 3926 2617 4014 quod
2663 3949 2877 3992 omnes
2918 3924 3202 3992 canonici
3248 3939 3395 3991 sunt

610 4036 770 4102 bene
801 4035 1162 4103 obedientes
1190 4049 1256 4102 et
1283 4034 1448 4103 satis.

1941 4533 2002 4598 O
2035 4557 2070 4602 2
3202 4528 3399 4592 XIV.
