4295 5410
2259 599 2351 684 64

2179 885 2424 958 LXX.

1689 1073 1833 1174 [we
1866 1074 2177 1150 solutione
2212 1072 2486 1164 quinque
2518 1067 2911 1167 salmurum]

1119 1269 1180 1334 N
1182 1266 1396 1333 iversis
1425 1264 1661 1331 Christi
1691 1263 1983 1330 fidelibus
2013 1263 2092 1329 ad
2122 1285 2388 1348 quorum
2424 1258 2721 1324 noticiam
2748 1268 3060 1346 presentes
3087 1255 3265 1321 litere
3293 1254 3690 1343 pervenerint

1159 1372 1517 1436 Bertramus
1545 1368 1624 1433 de
1652 1367 1714 1432 la
1749 1366 1911 1432 Feld
1938 1366 2202 1432 salutem
2246 1365 2314 1429 in
2346 1365 2624 1431 Domino
2656 1403 2669 1415 ·
2700 1365 2812 1429 Ad
2838 1362 3259 1429 universitatis
3288 1376 3487 1426 vestre
3526 1361 3691 1425 noti-

925 1481 1086 1547 ciam
1115 1476 1259 1542 volo
1287 1471 1612 1562 pervenire
1657 1495 1758 1537 me
1797 1495 1911 1559 pro
1954 1495 2056 1536 me
2098 1483 2165 1536 et
2190 1468 2524 1536 heredibus
2562 1469 2717 1535 meis
2744 1469 2943 1534 teneri
2978 1468 3046 1532 in
3075 1480 3447 1557 perpetuum
3476 1465 3691 1531 domui

927 1585 1232 1652 Omnium
1264 1581 1631 1648 Sanctorum
1668 1579 1860 1665 juxta
1906 1577 2150 1643 Dublin
2196 1576 2275 1642 ad
2320 1575 2701 1642 solucionem
2746 1574 3022 1661 quinque
3066 1573 3406 1663 solidorum
3450 1570 3691 1659 argenti

926 1691 1247 1760 annuatim
1275 1686 1712 1754 solvendorum
1741 1686 1820 1752 ad
1849 1686 2004 1751 duos
2035 1685 2184 1750 anni
2213 1684 2554 1750 terminos·
2585 1682 2982 1748 medietatem
3012 1680 3249 1747 scilicet
3273 1655 3435 1742 infra
3462 1677 3691 1741 Pente-

926 1778 1138 1866 costen
1165 1811 1230 1864 et
1256 1795 1442 1862 aliam
1465 1793 1865 1860 medietatem
1897 1793 1977 1858 ad
2004 1793 2231 1858 festum
2261 1792 2564 1858 Omnium
2599 1789 2966 1856 Sanctorum
2994 1811 3107 1876 pro
3136 1799 3298 1851 terra
3329 1780 3642 1868 quadam
3624 1804 3693 1844 m

927 1913 1280 1969 tenemento
1325 1922 1465 1964 meo
1496 1920 1680 1983 quam
1714 1895 1792 1960 de
1822 1895 2100 1983 predicta
2127 1895 2314 1960 domo
2344 1908 2527 1960 teneo
2555 1893 2749 1960 michi
2778 1907 2841 1959 et
2868 1891 3200 1958 heredibus
3243 1890 3398 1954 meis
3429 1927 3443 1940 -
3476 1910 3691 1973 quam·

927 2007 1182 2093 quidem
1203 2017 1426 2070 terram
1445 2001 1760 2091 Margeria
1780 2001 1860 2068 de
1886 2002 2239 2068 Sarnesfeld
2267 2002 2442 2068 dedit
2470 2001 2747 2090 predicte
2765 2000 2980 2066 domui
2999 1997 3303 2065 Omnium
3326 1997 3691 2062 Sanctorum

928 2113 994 2175 in
1022 2121 1386 2198 perpetuam
1413 2107 1838 2174 elemosinam.

1055 2213 1144 2278 Et
1179 2212 1260 2279 ad
1286 2213 1447 2278 hanc
1493 2211 1872 2278 solucionem
1908 2211 2189 2278 terminis
2234 2213 2478 2277 statutis
2524 2213 2657 2279 sine
2691 2212 2973 2278 ulteriori
3002 2209 3307 2276 dilacione
3344 2207 3693 2274 faciendam

927 2317 1197 2406 presenti
1225 2317 1454 2405 scripto
1475 2339 1576 2382 me
1605 2329 1670 2382 et
1687 2315 1944 2382 heredes
1965 2338 2137 2380 meos
2157 2314 2227 2379 in
2241 2329 2613 2403 perpetuum
2637 2316 2848 2404 obligo
2877 2314 3181 2404 corporali
3210 2315 3465 2402 prestito
3492 2337 3689 2380 sacra-

927 2437 1154 2490 ment0.
1242 2422 1412 2489 Volo
1441 2422 1638 2488 eciam
1665 2421 2156 2489 nichilhominus
2185 2434 2250 2487 et
2285 2422 2560 2488 concedo
2588 2446 2703 2510 pro
2740 2446 2841 2488 me
2878 2435 2943 2487 et
2968 2421 3302 2488 heredibus
3339 2420 3493 2486 meis
3522 2419 3693 2506 quod

929 2529 983 2593 si
1010 2528 1079 2592 in
1123 2525 1440 2593 solucione
1481 2525 1741 2611 alicujus
1781 2523 2034 2590 termini
2076 2547 2196 2612 ego
2238 2523 2342 2589 vel
2368 2522 2625 2589 heredes
2667 2523 2792 2590 mei
2835 2523 3272 2590 cessaverimus
3304 2561 3317 2574 ·
3349 2522 3519 2609 quod
3560 2521 3695 2588 sine

929 2634 1206 2721 qualibet
1247 2632 1736 2700 contradictione
1776 2632 1962 2698 liceat
1997 2631 2313 2698 canonicis
2356 2632 2635 2721 predicte
2671 2633 2891 2698 domus
2942 2631 3152 2698 namin.
3190 2653 3579 2719 quecumque
3623 2629 3693 2692 in

926 2738 1206 2825 predicto
1235 2750 1589 2803 tenemento
1616 2760 1758 2803 meo
1795 2735 2029 2801 fuerint
2056 2736 2314 2802 inventa
2357 2760 2576 2825 capere
2621 2749 2687 2802 et
2722 2736 2897 2802 nullo
2928 2737 3209 2803 obstante
3252 2735 3567 2803 obstaculo
3612 2736 3694 2801 ad

927 2842 1250 2933 grangiam
1299 2866 1474 2908 suam
1503 2842 1582 2908 de
1612 2841 2086 2930 Balycongglan
2116 2841 2342 2908 ducere
2370 2855 2436 2908 et
2477 2842 2741 2909 retinere
2771 2842 2969 2909 donec
3000 2842 3079 2908 de
3120 2842 3401 2930 predicto
3443 2840 3693 2906 redditu

929 2946 1017 3011 eis
1043 2946 1232 3012 fuerit
1259 2946 1442 3034 plene
1485 2945 1880 3013 satisfactum.
1967 2946 2047 3010 In
2092 2945 2272 3032 cujus
2316 2946 2407 3011 rei
2436 2946 2862 3013 testimonium
2900 2962 3214 3036 presentes
3241 2947 3447 3013 literas
3488 2947 3695 3035 sigillo

929 3075 1069 3118 meo
1097 3050 1392 3139 sigillatas
1419 3049 1699 3137 predicte
1728 3048 1942 3114 domui
1970 3048 2091 3119 feci
2113 3060 2418 3137 patentes,
2506 3049 2745 3115 Datum
2772 3050 2841 3115 in
2879 3050 3145 3117 crastino
3179 3050 3392 3119 Sancti
3420 3049 3693 3115 Dionisii

931 3181 1091 3223 anno
1119 3156 1299 3246 regni
1326 3155 1490 3245 regis
1520 3153 1783 3253 Henrici
1813 3154 2302 3243 quadragesimo.

2159 3494 2445 3567 LXXI.

1530 3680 1645 3754 Be
1677 3678 1988 3755 solatium
2021 3680 2221 3754 unius
2256 3679 2410 3753 {ihre
2444 3698 2563 3753 tm
2598 3684 2764 3773 apuu
2800 3680 3077 3755 &urunt

1120 3864 1184 3929 N
1184 3865 1399 3933 iversis
1427 3866 1662 3932 Christi
1689 3867 1978 3934 fidelibus
2007 3868 2088 3933 ad
2117 3891 2383 3955 quorum
2420 3867 2717 3933 noticiam
2743 3878 3055 3954 presentes
3082 3863 3261 3931 litere
3286 3866 3686 3952 pervenerint

1163 3975 1520 4040 Bertramus
1538 3974 1616 4039 de
1633 3973 1696 4039 la
1712 3974 1872 4040 Feld
1893 3974 2156 4039 salutem
2176 3975 2245 4039 in
2268 3973 2541 4039 dominc.
2588 3970 2700 4038 Ad
2720 3969 3140 4037 universitatis
3168 3984 3369 4037 vestre
3398 3972 3693 4039 noticiam

928 4081 1073 4147 volo
1102 4078 1426 4168 pervenire
1455 4102 1557 4145 me
1585 4102 1698 4167 pro
1725 4103 1828 4145 me
1870 4092 1936 4145 et
1961 4079 2219 4145 heredes
2260 4102 2431 4145 meos
2458 4077 2658 4144 teneri
2685 4076 2945 4166 singulis
2988 4075 3165 4142 annis
3208 4076 3289 4141 ad
3314 4076 3695 4145 solucionem

928 4186 1113 4251 unius
1141 4184 1299 4249 libre
1329 4206 1466 4249 cere
1495 4182 1854 4249 solvendam
1882 4183 2204 4250 annuatim
2232 4182 2301 4247 in
2330 4183 2551 4272 vigilia
2568 4182 2872 4248 Omnium
2894 4181 3262 4248 Sanctorum
3292 4182 3509 4247 domui
3538 4183 3693 4249 Om-

931 4294 1107 4359 nium
1150 4291 1518 4356 Sanctorum
1555 4289 1747 4375 juxta
1783 4287 2029 4355 Dublin
2079 4326 2092 4339 ·
2151 4311 2424 4353 unacum
2475 4286 2753 4372 quinque
2802 4284 3015 4351 solidis
3064 4284 3376 4351 solvendis
3422 4286 3584 4353 sicut
3626 4287 3697 4353 in

929 4403 1340 4466 instrumento
1369 4420 1406 4462 a
1433 4418 1536 4461 me
1565 4416 1748 4481 super
1763 4392 1884 4459 hoc
1905 4392 2186 4460 confecto
2215 4390 2569 4458 continetur
2593 4428 2606 4441 ·
2631 4413 2744 4478 pro
2773 4388 3041 4475 quadam
3062 4400 3225 4455 terra
3250 4389 3320 4454 in
3339 4402 3696 4456 tenemento

3554 4518 3695 4560 meo
