<?xml version="1.0" encoding="UTF-8"?>
<!DOCTYPE html PUBLIC "-//W3C//DTD XHTML 1.0 Transitional//EN"
    "http://www.w3.org/TR/xhtml1/DTD/xhtml1-transitional.dtd">
<html xmlns="http://www.w3.org/1999/xhtml" xml:lang="en" lang="en">
 <head>
  <title>
</title>
<meta http-equiv="Content-Type" content="text/html;charset=utf-8" />
  <meta name='ocr-system' content='tesseract 3.04.00' />
  <meta name='ocr-capabilities' content='ocr_page ocr_carea ocr_par ocr_line ocrx_word'/>
</head>
<body>
  <div class='ocr_page' id='page_1' title='image "./registrumpriora00butlgoog_0088.png"; bbox 0 0 4295 5410; ppageno 0'>
   <div class='ocr_carea' id='block_1_1' title="bbox 2303 621 2347 690">
    <p class='ocr_par' dir='ltr' id='par_1_1' title="bbox 2303 621 2347 690">
     <span class='ocr_line' id='line_1_1' title="bbox 2303 621 2347 690; baseline 0 0"><span class='ocrx_word' id='word_1_1' title='bbox 2303 621 2347 690; x_wconf 92' lang='lat'><strong>6</strong></span> 
     </span>
    </p>
   </div>
   <div class='ocr_carea' id='block_1_2' title="bbox 935 797 3715 1102">
    <p class='ocr_par' dir='ltr' id='par_1_2' title="bbox 935 797 3715 1102">
     <span class='ocr_line' id='line_1_2' title="bbox 935 797 3714 890; baseline -0 -24"><span class='ocrx_word' id='word_1_2' title='bbox 935 800 1185 866; x_wconf 86' lang='lat' dir='ltr'>Alberti</span> <span class='ocrx_word' id='word_1_3' title='bbox 1215 814 1424 866; x_wconf 86' lang='lat' dir='ltr'>sancte</span> <span class='ocrx_word' id='word_1_4' title='bbox 1454 801 1734 868; x_wconf 78' lang='lat' dir='ltr'><strong>Romane</strong></span> <span class='ocrx_word' id='word_1_5' title='bbox 1765 801 2024 867; x_wconf 88' lang='lat' dir='ltr'>ecclesie</span> <span class='ocrx_word' id='word_1_6' title='bbox 2051 801 2379 890; x_wconf 80' lang='lat' dir='ltr'>presbiteri</span> <span class='ocrx_word' id='word_1_7' title='bbox 2410 798 2740 866; x_wconf 86' lang='lat' dir='ltr'>cardinalis</span> <span class='ocrx_word' id='word_1_8' title='bbox 2768 812 2833 864; x_wconf 87' lang='lat' dir='ltr'>et</span> <span class='ocrx_word' id='word_1_9' title='bbox 2860 797 3215 865; x_wconf 85' lang='lat' dir='ltr'>cancellarii</span> <span class='ocrx_word' id='word_1_10' title='bbox 3250 837 3263 850; x_wconf 93' lang='lat'><strong>·</strong></span> <span class='ocrx_word' id='word_1_11' title='bbox 3294 799 3379 864; x_wconf 87' lang='lat' dir='ltr'>vi.</span> <span class='ocrx_word' id='word_1_12' title='bbox 3409 823 3714 865; x_wconf 90' lang='lat' dir='ltr'>nonarum</span> 
     </span>
     <span class='ocr_line' id='line_1_3' title="bbox 936 905 3715 993; baseline -0.001 -21"><span class='ocrx_word' id='word_1_13' title='bbox 936 907 981 972; x_wconf 86' lang='lat' dir='ltr'>J</span> <span class='ocrx_word' id='word_1_14' title='bbox 983 906 1095 970; x_wconf 86' lang='lat' dir='ltr'>ulii</span> <span class='ocrx_word' id='word_1_15' title='bbox 1128 945 1140 958; x_wconf 92' lang='lat'><em>·</em></span> <span class='ocrx_word' id='word_1_16' title='bbox 1174 906 1526 972; x_wconf 85' lang='lat' dir='ltr'>Indictione</span> <span class='ocrx_word' id='word_1_17' title='bbox 1581 920 1816 993; x_wconf 89' lang='lat' dir='ltr'>quarta.</span> <span class='ocrx_word' id='word_1_18' title='bbox 1904 907 2367 974; x_wconf 88' lang='lat' dir='ltr'>Incamacionis</span> <span class='ocrx_word' id='word_1_19' title='bbox 2402 905 2715 971; x_wconf 88' lang='lat' dir='ltr'>dominice</span> <span class='ocrx_word' id='word_1_20' title='bbox 2748 944 2761 957; x_wconf 94' lang='lat'><strong>·</strong></span> <span class='ocrx_word' id='word_1_21' title='bbox 2803 929 2967 972; x_wconf 87' lang='lat' dir='ltr'>anno</span> <span class='ocrx_word' id='word_1_22' title='bbox 3012 905 3343 971; x_wconf 90' lang='lat' dir='ltr'>millesimo</span> <span class='ocrx_word' id='word_1_23' title='bbox 3378 944 3391 958; x_wconf 92' lang='lat'><strong>·</strong></span> <span class='ocrx_word' id='word_1_24' title='bbox 3422 905 3715 973; x_wconf 81' lang='lat' dir='ltr'>clxxxvi.</span> 
     </span>
     <span class='ocr_line' id='line_1_4' title="bbox 937 1011 3285 1102; baseline 0 -26"><span class='ocrx_word' id='word_1_25' title='bbox 937 1011 1346 1078; x_wconf 89' lang='lat' dir='ltr'>Pontificatus</span> <span class='ocrx_word' id='word_1_26' title='bbox 1376 1036 1525 1078; x_wconf 90' lang='lat' dir='ltr'>vero</span> <span class='ocrx_word' id='word_1_27' title='bbox 1555 1011 1794 1078; x_wconf 91' lang='lat' dir='ltr'>domini</span> <span class='ocrx_word' id='word_1_28' title='bbox 1824 1013 2067 1079; x_wconf 83' lang='lat' dir='ltr'>Urbani</span> <span class='ocrx_word' id='word_1_29' title='bbox 2096 1037 2259 1102; x_wconf 82' lang='lat' dir='ltr'>pape</span> <span class='ocrx_word' id='word_1_30' title='bbox 2288 1013 2467 1079; x_wconf 87' lang='lat' dir='ltr'>tercii</span> <span class='ocrx_word' id='word_1_31' title='bbox 2496 1035 2659 1078; x_wconf 90' lang='lat' dir='ltr'>anno</span> <span class='ocrx_word' id='word_1_32' title='bbox 2688 1011 2983 1078; x_wconf 88' lang='lat' dir='ltr'>secundo.</span> <span class='ocrx_word' id='word_1_33' title='bbox 3017 1011 3285 1099; x_wconf 89' lang='lat' dir='ltr'>[primo]</span> 
     </span>
    </p>
   </div>
   <div class='ocr_carea' id='block_1_3' title="bbox 2258 1359 2395 1432">
    <p class='ocr_par' dir='ltr' id='par_1_3' title="bbox 2258 1359 2395 1432">
     <span class='ocr_line' id='line_1_5' title="bbox 2258 1359 2395 1432; baseline 0 0"><span class='ocrx_word' id='word_1_34' title='bbox 2258 1359 2395 1432; x_wconf 93' lang='lat' dir='ltr'>III.</span> 
     </span>
    </p>
   </div>
   <div class='ocr_carea' id='block_1_4' title="bbox 943 1543 3717 1756">
    <p class='ocr_par' dir='ltr' id='par_1_4' title="bbox 943 1543 3717 1756">
     <span class='ocr_line' id='line_1_6' title="bbox 943 1543 3717 1638; baseline -0.001 -18"><span class='ocrx_word' id='word_1_35' title='bbox 943 1546 1376 1620; x_wconf 55' lang='lat' dir='ltr'>&amp;nammatio</span> <span class='ocrx_word' id='word_1_36' title='bbox 1422 1557 1479 1618; x_wconf 74' lang='lat' dir='ltr'>tt</span> <span class='ocrx_word' id='word_1_37' title='bbox 1514 1546 1794 1637; x_wconf 71' lang='lat' dir='ltr'>ptnttttfn</span> <span class='ocrx_word' id='word_1_38' title='bbox 1836 1546 2075 1620; x_wconf 68' lang='lat' dir='ltr'>homini</span> <span class='ocrx_word' id='word_1_39' title='bbox 2109 1546 2467 1622; x_wconf 59' lang='lat' dir='ltr'>{annuntii</span> <span class='ocrx_word' id='word_1_40' title='bbox 2494 1565 2649 1638; x_wconf 70' lang='lat' dir='ltr'>pape</span> <span class='ocrx_word' id='word_1_41' title='bbox 2684 1545 2892 1636; x_wconf 68' lang='lat' dir='ltr'>quinti</span> <span class='ocrx_word' id='word_1_42' title='bbox 2926 1543 3364 1636; x_wconf 70' lang='lat' dir='ltr'>spiritualium</span> <span class='ocrx_word' id='word_1_43' title='bbox 3397 1556 3455 1618; x_wconf 74' lang='lat' dir='ltr'>tt</span> <span class='ocrx_word' id='word_1_44' title='bbox 3488 1558 3717 1637; x_wconf 71' lang='lat' dir='ltr'>tmpo-</span> 
     </span>
     <span class='ocr_line' id='line_1_7' title="bbox 943 1663 3417 1756; baseline 0 -21"><span class='ocrx_word' id='word_1_45' title='bbox 943 1664 1177 1738; x_wconf 74' lang='lat' dir='ltr'>talium</span> <span class='ocrx_word' id='word_1_46' title='bbox 1211 1683 1350 1737; x_wconf 82' lang='lat' dir='ltr'>tum</span> <span class='ocrx_word' id='word_1_47' title='bbox 1385 1663 1723 1756; x_wconf 67' lang='lat' dir='ltr'>ptibsstgiis</span> <span class='ocrx_word' id='word_1_48' title='bbox 1760 1676 1817 1736; x_wconf 75' lang='lat' dir='ltr'>tt</span> <span class='ocrx_word' id='word_1_49' title='bbox 1853 1664 2006 1740; x_wconf 74' lang='lat' dir='ltr'>aliis</span> <span class='ocrx_word' id='word_1_50' title='bbox 2043 1663 2560 1742; x_wconf 70' lang='lat' dir='ltr'>immunitatibus</span> <span class='ocrx_word' id='word_1_51' title='bbox 2590 1664 2991 1737; x_wconf 68' lang='lat' dir='ltr'>Bibrtsimnhr</span> <span class='ocrx_word' id='word_1_52' title='bbox 3026 1664 3417 1754; x_wconf 60' lang='lat' dir='ltr'>spatiatatt‘s.</span> 
     </span>
    </p>
   </div>
   <div class='ocr_carea' id='block_1_5' title="bbox 879 1868 3731 4390">
    <p class='ocr_par' dir='ltr' id='par_1_5' title="bbox 1043 1868 3719 1960">
     <span class='ocr_line' id='line_1_8' title="bbox 1043 1868 3719 1960; baseline -0.001 -24"><span class='ocrx_word' id='word_1_53' title='bbox 1043 1871 1440 1938; x_wconf 89' lang='lat' dir='ltr'>Nnocencius</span> <span class='ocrx_word' id='word_1_54' title='bbox 1469 1872 1797 1960; x_wconf 89' lang='lat' dir='ltr'>episcopus</span> <span class='ocrx_word' id='word_1_55' title='bbox 1835 1895 2046 1938; x_wconf 82' lang='lat' dir='ltr'>servus</span> <span class='ocrx_word' id='word_1_56' title='bbox 2085 1893 2405 1938; x_wconf 83' lang='lat' dir='ltr'>servorum</span> <span class='ocrx_word' id='word_1_57' title='bbox 2434 1869 2559 1934; x_wconf 92' lang='lat' dir='ltr'>Dei</span> <span class='ocrx_word' id='word_1_58' title='bbox 2590 1869 2834 1935; x_wconf 89' lang='lat' dir='ltr'>dilectis</span> <span class='ocrx_word' id='word_1_59' title='bbox 2862 1868 3009 1934; x_wconf 87' lang='lat' dir='ltr'>filiis</span> <span class='ocrx_word' id='word_1_60' title='bbox 3038 1868 3242 1934; x_wconf 88' lang='lat' dir='ltr'>Priori</span> <span class='ocrx_word' id='word_1_61' title='bbox 3276 1868 3534 1934; x_wconf 80' lang='lat' dir='ltr'>ecclesie</span> <span class='ocrx_word' id='word_1_62' title='bbox 3564 1869 3719 1935; x_wconf 91' lang='lat' dir='ltr'>Om-</span> 
     </span>
    </p>

    <p class='ocr_par' dir='ltr' id='par_1_6' title="bbox 939 1975 3722 2172">
     <span class='ocr_line' id='line_1_9' title="bbox 1073 1975 3722 2064; baseline -0 -21"><span class='ocrx_word' id='word_1_63' title='bbox 1073 1980 1251 2044; x_wconf 90' lang='lat' dir='ltr'>nium</span> <span class='ocrx_word' id='word_1_64' title='bbox 1273 1978 1845 2062; x_wconf 80' lang='lat' dir='ltr'>Sanctorumjuxta</span> <span class='ocrx_word' id='word_1_65' title='bbox 1867 1977 2111 2042; x_wconf 88' lang='lat' dir='ltr'>Dublin</span> <span class='ocrx_word' id='word_1_66' title='bbox 2133 1977 2393 2064; x_wconf 90' lang='lat' dir='ltr'>ejusque</span> <span class='ocrx_word' id='word_1_67' title='bbox 2415 1975 2708 2041; x_wconf 86' lang='lat' dir='ltr'>fratribus</span> <span class='ocrx_word' id='word_1_68' title='bbox 2731 1989 2859 2042; x_wconf 87' lang='lat' dir='ltr'>tam</span> <span class='ocrx_word' id='word_1_69' title='bbox 2880 1977 3269 2064; x_wconf 81' lang='lat' dir='ltr'>presentibus</span> <span class='ocrx_word' id='word_1_70' title='bbox 3292 2001 3480 2063; x_wconf 88' lang='lat' dir='ltr'>quam</span> <span class='ocrx_word' id='word_1_71' title='bbox 3496 1975 3722 2042; x_wconf 89' lang='lat' dir='ltr'>futuris</span> 
     </span>
     <span class='ocr_line' id='line_1_10' title="bbox 939 2081 2341 2172; baseline -0.004 -22"><span class='ocrx_word' id='word_1_72' title='bbox 939 2084 1287 2172; x_wconf 82' lang='lat' dir='ltr'>regularem</span> <span class='ocrx_word' id='word_1_73' title='bbox 1317 2082 1514 2146; x_wconf 86' lang='lat' dir='ltr'>vitam</span> <span class='ocrx_word' id='word_1_74' title='bbox 1543 2082 1828 2169; x_wconf 89' lang='lat' dir='ltr'>professis</span> <span class='ocrx_word' id='word_1_75' title='bbox 1857 2081 2341 2168; x_wconf 84' lang='lat' dir='ltr'>imperpetuum.</span> 
     </span>
    </p>

    <p class='ocr_par' dir='ltr' id='par_1_7' title="bbox 935 2180 3728 2909">
     <span class='ocr_line' id='line_1_11' title="bbox 1067 2180 3721 2276; baseline -0.002 -23"><span class='ocrx_word' id='word_1_76' title='bbox 1067 2188 1450 2276; x_wconf 75' lang='lat' dir='ltr'>Religiosam</span> <span class='ocrx_word' id='word_1_77' title='bbox 1472 2185 1668 2251; x_wconf 85' lang='lat' dir='ltr'>vitam</span> <span class='ocrx_word' id='word_1_78' title='bbox 1698 2185 2075 2274; x_wconf 85' lang='lat' dir='ltr'>eligentibus</span> <span class='ocrx_word' id='word_1_79' title='bbox 2106 2183 2514 2272; x_wconf 89' lang='lat' dir='ltr'>apostolicum</span> <span class='ocrx_word' id='word_1_80' title='bbox 2542 2181 2841 2248; x_wconf 85' lang='lat' dir='ltr'>convenit</span> <span class='ocrx_word' id='word_1_81' title='bbox 2868 2181 3079 2247; x_wconf 83' lang='lat' dir='ltr'>adesse</span> <span class='ocrx_word' id='word_1_82' title='bbox 3097 2181 3438 2269; x_wconf 85' lang='lat' dir='ltr'>presidium</span> <span class='ocrx_word' id='word_1_83' title='bbox 3467 2207 3547 2247; x_wconf 91' lang='lat' dir='ltr'>ne</span> <span class='ocrx_word' id='word_1_84' title='bbox 3565 2180 3721 2247; x_wconf 85' lang='lat' dir='ltr'>forte</span> 
     </span>
     <span class='ocr_line' id='line_1_12' title="bbox 943 2288 3727 2381; baseline -0.003 -21"><span class='ocrx_word' id='word_1_85' title='bbox 943 2293 1277 2381; x_wconf 89' lang='lat' dir='ltr'>cujuslibet</span> <span class='ocrx_word' id='word_1_86' title='bbox 1325 2291 1690 2358; x_wconf 85' lang='lat' dir='ltr'>temeritatis</span> <span class='ocrx_word' id='word_1_87' title='bbox 1737 2292 2018 2356; x_wconf 87' lang='lat' dir='ltr'>incursus</span> <span class='ocrx_word' id='word_1_88' title='bbox 2074 2306 2184 2355; x_wconf 91' lang='lat' dir='ltr'>aut</span> <span class='ocrx_word' id='word_1_89' title='bbox 2232 2313 2336 2356; x_wconf 90' lang='lat' dir='ltr'>eos</span> <span class='ocrx_word' id='word_1_90' title='bbox 2382 2314 2421 2356; x_wconf 91' lang='lat' dir='ltr'>a</span> <span class='ocrx_word' id='word_1_91' title='bbox 2468 2289 2786 2378; x_wconf 89' lang='lat' dir='ltr'>proposito</span> <span class='ocrx_word' id='word_1_92' title='bbox 2830 2299 3083 2353; x_wconf 78' lang='lat' dir='ltr'>revocet</span> <span class='ocrx_word' id='word_1_93' title='bbox 3132 2302 3241 2353; x_wconf 90' lang='lat' dir='ltr'>aut</span> <span class='ocrx_word' id='word_1_94' title='bbox 3288 2289 3478 2354; x_wconf 87' lang='lat' dir='ltr'>robur</span> <span class='ocrx_word' id='word_1_95' title='bbox 3510 2325 3523 2340; x_wconf 87' lang='lat'><strong>·</strong></span> <span class='ocrx_word' id='word_1_96' title='bbox 3556 2288 3727 2374; x_wconf 86' lang='lat' dir='ltr'>quod</span> 
     </span>
     <span class='ocr_line' id='line_1_13' title="bbox 935 2381 3724 2486; baseline -0.003 -20"><span class='ocrx_word' id='word_1_97' title='bbox 935 2381 1104 2466; x_wconf 59' lang='lat' dir='ltr'>*absit</span> <span class='ocrx_word' id='word_1_98' title='bbox 1136 2438 1148 2450; x_wconf 93' lang='lat'><strong>·</strong></span> <span class='ocrx_word' id='word_1_99' title='bbox 1179 2423 1347 2464; x_wconf 85' lang='lat' dir='ltr'>sacre</span> <span class='ocrx_word' id='word_1_100' title='bbox 1376 2397 1698 2486; x_wconf 87' lang='lat' dir='ltr'>religionis</span> <span class='ocrx_word' id='word_1_101' title='bbox 1726 2397 2049 2484; x_wconf 83' lang='lat' dir='ltr'>infringat.</span> <span class='ocrx_word' id='word_1_102' title='bbox 2123 2397 2222 2462; x_wconf 88' lang='lat' dir='ltr'>Ea</span> <span class='ocrx_word' id='word_1_103' title='bbox 2250 2411 2503 2485; x_wconf 88' lang='lat' dir='ltr'>propter</span> <span class='ocrx_word' id='word_1_104' title='bbox 2532 2395 2748 2460; x_wconf 89' lang='lat' dir='ltr'>dilecti</span> <span class='ocrx_word' id='word_1_105' title='bbox 2777 2394 2843 2458; x_wconf 90' lang='lat' dir='ltr'>in</span> <span class='ocrx_word' id='word_1_106' title='bbox 2868 2393 3125 2458; x_wconf 88' lang='lat' dir='ltr'>domino</span> <span class='ocrx_word' id='word_1_107' title='bbox 3154 2393 3271 2457; x_wconf 87' lang='lat' dir='ltr'>filii</span> <span class='ocrx_word' id='word_1_108' title='bbox 3298 2394 3519 2458; x_wconf 89' lang='lat' dir='ltr'>vestris</span> <span class='ocrx_word' id='word_1_109' title='bbox 3537 2393 3724 2478; x_wconf 87' lang='lat' dir='ltr'>justis</span> 
     </span>
     <span class='ocr_line' id='line_1_14' title="bbox 941 2499 3728 2594; baseline -0.001 -24"><span class='ocrx_word' id='word_1_110' title='bbox 941 2503 1472 2594; x_wconf 85' lang='lat' dir='ltr'>postulacionibus</span> <span class='ocrx_word' id='word_1_111' title='bbox 1529 2502 1866 2567; x_wconf 80' lang='lat' dir='ltr'>clementer</span> <span class='ocrx_word' id='word_1_112' title='bbox 1923 2501 2259 2568; x_wconf 81' lang='lat' dir='ltr'>annuimus</span> <span class='ocrx_word' id='word_1_113' title='bbox 2310 2515 2375 2566; x_wconf 90' lang='lat' dir='ltr'>et</span> <span class='ocrx_word' id='word_1_114' title='bbox 2420 2500 2745 2567; x_wconf 87' lang='lat' dir='ltr'>ecclesiam</span> <span class='ocrx_word' id='word_1_115' title='bbox 2792 2500 3099 2566; x_wconf 87' lang='lat' dir='ltr'>Omnium</span> <span class='ocrx_word' id='word_1_116' title='bbox 3139 2499 3507 2566; x_wconf 87' lang='lat' dir='ltr'>Sanctorum</span> <span class='ocrx_word' id='word_1_117' title='bbox 3534 2501 3728 2586; x_wconf 80' lang='lat' dir='ltr'>juxta</span> 
     </span>
     <span class='ocr_line' id='line_1_15' title="bbox 944 2603 3720 2695; baseline 0 -23"><span class='ocrx_word' id='word_1_118' title='bbox 944 2608 1189 2674; x_wconf 90' lang='lat' dir='ltr'>Dublin</span> <span class='ocrx_word' id='word_1_119' title='bbox 1223 2646 1236 2658; x_wconf 92' lang='lat'><strong>·</strong></span> <span class='ocrx_word' id='word_1_120' title='bbox 1272 2608 1558 2672; x_wconf 81' lang='lat' dir='ltr'>abbatem</span> <span class='ocrx_word' id='word_1_121' title='bbox 1587 2603 1911 2692; x_wconf 89' lang='lat' dir='ltr'>proprium</span> <span class='ocrx_word' id='word_1_122' title='bbox 1939 2627 2066 2669; x_wconf 93' lang='lat' dir='ltr'>non</span> <span class='ocrx_word' id='word_1_123' title='bbox 2084 2603 2420 2670; x_wconf 89' lang='lat' dir='ltr'>habentem</span> <span class='ocrx_word' id='word_1_124' title='bbox 2454 2643 2467 2658; x_wconf 90' lang='lat'><strong>·</strong></span> <span class='ocrx_word' id='word_1_125' title='bbox 2500 2605 2608 2670; x_wconf 90' lang='lat' dir='ltr'>sed</span> <span class='ocrx_word' id='word_1_126' title='bbox 2638 2629 2749 2692; x_wconf 89' lang='lat' dir='ltr'>per</span> <span class='ocrx_word' id='word_1_127' title='bbox 2769 2603 3052 2670; x_wconf 90' lang='lat' dir='ltr'>Priorem</span> <span class='ocrx_word' id='word_1_128' title='bbox 3080 2605 3325 2672; x_wconf 88' lang='lat' dir='ltr'>solitam</span> <span class='ocrx_word' id='word_1_129' title='bbox 3352 2608 3687 2695; x_wconf 82' lang='lat' dir='ltr'>gubernari</span> <span class='ocrx_word' id='word_1_130' title='bbox 3707 2645 3720 2659; x_wconf 92' lang='lat'><strong>·</strong></span> 
     </span>
     <span class='ocr_line' id='line_1_16' title="bbox 943 2712 3723 2803; baseline 0.001 -23"><span class='ocrx_word' id='word_1_131' title='bbox 943 2716 1010 2780; x_wconf 89' lang='lat' dir='ltr'>in</span> <span class='ocrx_word' id='word_1_132' title='bbox 1050 2740 1174 2801; x_wconf 87' lang='lat' dir='ltr'>qua</span> <span class='ocrx_word' id='word_1_133' title='bbox 1202 2714 1420 2779; x_wconf 88' lang='lat' dir='ltr'>divino</span> <span class='ocrx_word' id='word_1_134' title='bbox 1471 2713 1615 2778; x_wconf 89' lang='lat' dir='ltr'>estis</span> <span class='ocrx_word' id='word_1_135' title='bbox 1661 2713 1961 2799; x_wconf 90' lang='lat' dir='ltr'>obsequio</span> <span class='ocrx_word' id='word_1_136' title='bbox 2008 2712 2348 2801; x_wconf 84' lang='lat' dir='ltr'>mancipati</span> <span class='ocrx_word' id='word_1_137' title='bbox 2380 2751 2394 2765; x_wconf 93' lang='lat'><strong>·</strong></span> <span class='ocrx_word' id='word_1_138' title='bbox 2426 2714 2541 2779; x_wconf 89' lang='lat' dir='ltr'>sub</span> <span class='ocrx_word' id='word_1_139' title='bbox 2569 2715 2738 2779; x_wconf 86' lang='lat' dir='ltr'>beati</span> <span class='ocrx_word' id='word_1_140' title='bbox 2768 2712 2941 2779; x_wconf 85' lang='lat' dir='ltr'>Petri</span> <span class='ocrx_word' id='word_1_141' title='bbox 2992 2728 3057 2779; x_wconf 90' lang='lat' dir='ltr'>et</span> <span class='ocrx_word' id='word_1_142' title='bbox 3106 2728 3313 2780; x_wconf 87' lang='lat' dir='ltr'>nostra</span> <span class='ocrx_word' id='word_1_143' title='bbox 3339 2715 3723 2803; x_wconf 87' lang='lat' dir='ltr'>protectione</span> 
     </span>
     <span class='ocr_line' id='line_1_17' title="bbox 942 2820 2847 2909; baseline -0.001 -21"><span class='ocrx_word' id='word_1_144' title='bbox 942 2821 1313 2909; x_wconf 86' lang='lat' dir='ltr'>suscipimus</span> <span class='ocrx_word' id='word_1_145' title='bbox 1343 2834 1407 2885; x_wconf 92' lang='lat' dir='ltr'>et</span> <span class='ocrx_word' id='word_1_146' title='bbox 1434 2820 1735 2908; x_wconf 86' lang='lat' dir='ltr'>presentis</span> <span class='ocrx_word' id='word_1_147' title='bbox 1765 2820 1978 2908; x_wconf 86' lang='lat' dir='ltr'>scripti</span> <span class='ocrx_word' id='word_1_148' title='bbox 2006 2820 2342 2909; x_wconf 83' lang='lat' dir='ltr'>privilegio</span> <span class='ocrx_word' id='word_1_149' title='bbox 2370 2823 2847 2887; x_wconf 89' lang='lat' dir='ltr'>communimus.</span> 
     </span>
    </p>

    <p class='ocr_par' dir='ltr' id='par_1_8' title="bbox 946 2924 3727 3646">
     <span class='ocr_line' id='line_1_18' title="bbox 1071 2924 3727 3014; baseline 0.001 -23"><span class='ocrx_word' id='word_1_150' title='bbox 1071 2927 1150 2991; x_wconf 89' lang='lat' dir='ltr'>In</span> <span class='ocrx_word' id='word_1_151' title='bbox 1180 2925 1396 3013; x_wconf 89' lang='lat' dir='ltr'>primis</span> <span class='ocrx_word' id='word_1_152' title='bbox 1443 2924 1753 3010; x_wconf 89' lang='lat' dir='ltr'>siquidem</span> <span class='ocrx_word' id='word_1_153' title='bbox 1799 2937 2139 2990; x_wconf 87' lang='lat' dir='ltr'>statuentes</span> <span class='ocrx_word' id='word_1_154' title='bbox 2179 2940 2251 2990; x_wconf 90' lang='lat' dir='ltr'>ut</span> <span class='ocrx_word' id='word_1_155' title='bbox 2278 2926 2431 2990; x_wconf 87' lang='lat' dir='ltr'>ordo</span> <span class='ocrx_word' id='word_1_156' title='bbox 2478 2928 2813 2993; x_wconf 85' lang='lat' dir='ltr'>canonicus</span> <span class='ocrx_word' id='word_1_157' title='bbox 2845 2966 2860 2979; x_wconf 92' lang='lat'><strong>·</strong></span> <span class='ocrx_word' id='word_1_158' title='bbox 2892 2928 3003 3014; x_wconf 91' lang='lat' dir='ltr'>qui</span> <span class='ocrx_word' id='word_1_159' title='bbox 3032 2928 3375 2993; x_wconf 89' lang='lat' dir='ltr'>secundum</span> <span class='ocrx_word' id='word_1_160' title='bbox 3406 2928 3615 2993; x_wconf 89' lang='lat' dir='ltr'>Deum</span> <span class='ocrx_word' id='word_1_161' title='bbox 3658 2942 3727 2995; x_wconf 83' lang='lat' dir='ltr'>et</span> 
     </span>
     <span class='ocr_line' id='line_1_19' title="bbox 949 3030 3727 3124; baseline 0.001 -26"><span class='ocrx_word' id='word_1_162' title='bbox 949 3033 1118 3098; x_wconf 85' lang='lat' dir='ltr'>beati</span> <span class='ocrx_word' id='word_1_163' title='bbox 1145 3030 1493 3119; x_wconf 86' lang='lat' dir='ltr'>Augustini</span> <span class='ocrx_word' id='word_1_164' title='bbox 1521 3030 1802 3119; x_wconf 87' lang='lat' dir='ltr'>regulam</span> <span class='ocrx_word' id='word_1_165' title='bbox 1830 3031 1899 3096; x_wconf 90' lang='lat' dir='ltr'>in</span> <span class='ocrx_word' id='word_1_166' title='bbox 1927 3032 2147 3097; x_wconf 84' lang='lat' dir='ltr'>eadem</span> <span class='ocrx_word' id='word_1_167' title='bbox 2177 3033 2436 3100; x_wconf 85' lang='lat' dir='ltr'>ecclesia</span> <span class='ocrx_word' id='word_1_168' title='bbox 2461 3033 2784 3099; x_wconf 84' lang='lat' dir='ltr'>institutus</span> <span class='ocrx_word' id='word_1_169' title='bbox 2830 3059 2959 3101; x_wconf 88' lang='lat' dir='ltr'>esse</span> <span class='ocrx_word' id='word_1_170' title='bbox 2989 3036 3334 3101; x_wconf 89' lang='lat' dir='ltr'>dinoscitur</span> <span class='ocrx_word' id='word_1_171' title='bbox 3366 3073 3379 3088; x_wconf 92' lang='lat'><strong>·</strong></span> <span class='ocrx_word' id='word_1_172' title='bbox 3410 3037 3727 3124; x_wconf 88' lang='lat' dir='ltr'>perpetuis</span> 
     </span>
     <span class='ocr_line' id='line_1_20' title="bbox 953 3136 3725 3228; baseline 0.001 -25"><span class='ocrx_word' id='word_1_173' title='bbox 953 3140 1192 3205; x_wconf 90' lang='lat' dir='ltr'>ibidem</span> <span class='ocrx_word' id='word_1_174' title='bbox 1208 3136 1592 3225; x_wconf 85' lang='lat' dir='ltr'>temporibus</span> <span class='ocrx_word' id='word_1_175' title='bbox 1612 3136 2058 3203; x_wconf 80' lang='lat' dir='ltr'>inviolabiliter</span> <span class='ocrx_word' id='word_1_176' title='bbox 2086 3139 2465 3203; x_wconf 84' lang='lat' dir='ltr'>observetur.</span> <span class='ocrx_word' id='word_1_177' title='bbox 2554 3140 2846 3205; x_wconf 85' lang='lat' dir='ltr'>Preterea</span> <span class='ocrx_word' id='word_1_178' title='bbox 2866 3162 3289 3225; x_wconf 89' lang='lat' dir='ltr'>quascumque</span> <span class='ocrx_word' id='word_1_179' title='bbox 3317 3141 3725 3228; x_wconf 86' lang='lat' dir='ltr'>possessiones</span> 
     </span>
     <span class='ocr_line' id='line_1_21' title="bbox 949 3241 3727 3331; baseline 0.002 -24"><span class='ocrx_word' id='word_1_180' title='bbox 949 3266 1341 3328; x_wconf 91' lang='lat' dir='ltr'>quecumque</span> <span class='ocrx_word' id='word_1_181' title='bbox 1363 3243 1530 3307; x_wconf 88' lang='lat' dir='ltr'>bona</span> <span class='ocrx_word' id='word_1_182' title='bbox 1557 3241 1776 3306; x_wconf 86' lang='lat' dir='ltr'>eadem</span> <span class='ocrx_word' id='word_1_183' title='bbox 1805 3241 2064 3307; x_wconf 89' lang='lat' dir='ltr'>ecclesia</span> <span class='ocrx_word' id='word_1_184' title='bbox 2079 3242 2150 3305; x_wconf 90' lang='lat' dir='ltr'>in</span> <span class='ocrx_word' id='word_1_185' title='bbox 2171 3241 2629 3329; x_wconf 86' lang='lat' dir='ltr'>presenciarum</span> <span class='ocrx_word' id='word_1_186' title='bbox 2651 3243 2819 3328; x_wconf 77' lang='lat' dir='ltr'>juste</span> <span class='ocrx_word' id='word_1_187' title='bbox 2850 3266 2922 3309; x_wconf 85' lang='lat' dir='ltr'>ac</span> <span class='ocrx_word' id='word_1_188' title='bbox 2948 3243 3247 3309; x_wconf 89' lang='lat' dir='ltr'>canonice</span> <span class='ocrx_word' id='word_1_189' title='bbox 3269 3246 3541 3331; x_wconf 88' lang='lat' dir='ltr'>possidet</span> <span class='ocrx_word' id='word_1_190' title='bbox 3572 3285 3587 3299; x_wconf 91' lang='lat'><strong>·</strong></span> <span class='ocrx_word' id='word_1_191' title='bbox 3618 3260 3727 3313; x_wconf 83' lang='lat' dir='ltr'>aut</span> 
     </span>
     <span class='ocr_line' id='line_1_22' title="bbox 946 3345 3724 3437; baseline 0.002 -24"><span class='ocrx_word' id='word_1_192' title='bbox 946 3349 1014 3413; x_wconf 89' lang='lat' dir='ltr'>in</span> <span class='ocrx_word' id='word_1_193' title='bbox 1044 3349 1326 3413; x_wconf 84' lang='lat' dir='ltr'>futurum</span> <span class='ocrx_word' id='word_1_194' title='bbox 1371 3345 1765 3413; x_wconf 85' lang='lat' dir='ltr'>concessione</span> <span class='ocrx_word' id='word_1_195' title='bbox 1795 3346 2179 3411; x_wconf 88' lang='lat' dir='ltr'>Pontificum</span> <span class='ocrx_word' id='word_1_196' title='bbox 2208 3345 2546 3433; x_wconf 86' lang='lat' dir='ltr'>largicione</span> <span class='ocrx_word' id='word_1_197' title='bbox 2590 3369 2812 3434; x_wconf 89' lang='lat' dir='ltr'>regum</span> <span class='ocrx_word' id='word_1_198' title='bbox 2858 3348 2962 3413; x_wconf 86' lang='lat' dir='ltr'>vel</span> <span class='ocrx_word' id='word_1_199' title='bbox 2998 3348 3357 3437; x_wconf 90' lang='lat' dir='ltr'>principum</span> <span class='ocrx_word' id='word_1_200' title='bbox 3404 3352 3724 3419; x_wconf 85' lang='lat' dir='ltr'>oblacione</span> 
     </span>
     <span class='ocr_line' id='line_1_23' title="bbox 949 3452 3726 3542; baseline 0.001 -23"><span class='ocrx_word' id='word_1_201' title='bbox 949 3454 1233 3520; x_wconf 86' lang='lat' dir='ltr'>fidelium</span> <span class='ocrx_word' id='word_1_202' title='bbox 1279 3478 1388 3517; x_wconf 92' lang='lat' dir='ltr'>seu</span> <span class='ocrx_word' id='word_1_203' title='bbox 1433 3453 1570 3519; x_wconf 89' lang='lat' dir='ltr'>aliis</span> <span class='ocrx_word' id='word_1_204' title='bbox 1590 3452 1777 3539; x_wconf 89' lang='lat' dir='ltr'>justis</span> <span class='ocrx_word' id='word_1_205' title='bbox 1826 3453 2028 3517; x_wconf 91' lang='lat' dir='ltr'>modis</span> <span class='ocrx_word' id='word_1_206' title='bbox 2065 3466 2378 3540; x_wconf 88' lang='lat' dir='ltr'>prestante</span> <span class='ocrx_word' id='word_1_207' title='bbox 2409 3452 2686 3517; x_wconf 91' lang='lat' dir='ltr'>Domino</span> <span class='ocrx_word' id='word_1_208' title='bbox 2723 3454 2955 3541; x_wconf 88' lang='lat' dir='ltr'>poterit</span> <span class='ocrx_word' id='word_1_209' title='bbox 2990 3452 3251 3542; x_wconf 89' lang='lat' dir='ltr'>adipisci</span> <span class='ocrx_word' id='word_1_210' title='bbox 3285 3494 3298 3507; x_wconf 90' lang='lat'><strong>·</strong></span> <span class='ocrx_word' id='word_1_211' title='bbox 3324 3455 3505 3521; x_wconf 87' lang='lat' dir='ltr'>firma</span> <span class='ocrx_word' id='word_1_212' title='bbox 3548 3456 3726 3523; x_wconf 84' lang='lat' dir='ltr'>vobis</span> 
     </span>
     <span class='ocr_line' id='line_1_24' title="bbox 949 3558 2581 3646; baseline -0.002 -20"><span class='ocrx_word' id='word_1_213' title='bbox 949 3560 1292 3645; x_wconf 87' lang='lat' dir='ltr'>vestrisque</span> <span class='ocrx_word' id='word_1_214' title='bbox 1323 3558 1771 3625; x_wconf 88' lang='lat' dir='ltr'>successoribus</span> <span class='ocrx_word' id='word_1_215' title='bbox 1801 3572 1866 3623; x_wconf 87' lang='lat' dir='ltr'>et</span> <span class='ocrx_word' id='word_1_216' title='bbox 1891 3558 2134 3623; x_wconf 86' lang='lat' dir='ltr'>illibata</span> <span class='ocrx_word' id='word_1_217' title='bbox 2163 3572 2581 3646; x_wconf 85' lang='lat' dir='ltr'>permaneant.</span> 
     </span>
    </p>

    <p class='ocr_par' dir='ltr' id='par_1_9' title="bbox 879 3664 3731 4390">
     <span class='ocr_line' id='line_1_25' title="bbox 1077 3664 3725 3755; baseline 0 -24"><span class='ocrx_word' id='word_1_218' title='bbox 1077 3666 1156 3731; x_wconf 90' lang='lat' dir='ltr'>In</span> <span class='ocrx_word' id='word_1_219' title='bbox 1187 3666 1414 3752; x_wconf 90' lang='lat' dir='ltr'>quibus</span> <span class='ocrx_word' id='word_1_220' title='bbox 1434 3666 1552 3730; x_wconf 91' lang='lat' dir='ltr'>hec</span> <span class='ocrx_word' id='word_1_221' title='bbox 1582 3664 1847 3752; x_wconf 88' lang='lat' dir='ltr'>propriis</span> <span class='ocrx_word' id='word_1_222' title='bbox 1869 3664 2169 3729; x_wconf 77' lang='lat' dir='ltr'>duximus</span> <span class='ocrx_word' id='word_1_223' title='bbox 2198 3665 2611 3752; x_wconf 86' lang='lat' dir='ltr'>exprimenda</span> <span class='ocrx_word' id='word_1_224' title='bbox 2630 3666 2953 3731; x_wconf 86' lang='lat' dir='ltr'>vocabulis</span> <span class='ocrx_word' id='word_1_225' title='bbox 2976 3706 2987 3717; x_wconf 94' lang='lat'><strong>·</strong></span> <span class='ocrx_word' id='word_1_226' title='bbox 3009 3666 3253 3734; x_wconf 90' lang='lat' dir='ltr'>Locum</span> <span class='ocrx_word' id='word_1_227' title='bbox 3272 3667 3480 3755; x_wconf 87' lang='lat' dir='ltr'>ipsum</span> <span class='ocrx_word' id='word_1_228' title='bbox 3501 3668 3570 3732; x_wconf 92' lang='lat' dir='ltr'>in</span> <span class='ocrx_word' id='word_1_229' title='bbox 3600 3690 3725 3754; x_wconf 90' lang='lat' dir='ltr'>quo</span> 
     </span>
     <span class='ocr_line' id='line_1_26' title="bbox 950 3769 3729 3862; baseline 0 -25"><span class='ocrx_word' id='word_1_230' title='bbox 950 3774 1187 3862; x_wconf 86' lang='lat' dir='ltr'>prefata</span> <span class='ocrx_word' id='word_1_231' title='bbox 1223 3770 1482 3837; x_wconf 89' lang='lat' dir='ltr'>ecclesia</span> <span class='ocrx_word' id='word_1_232' title='bbox 1524 3770 1641 3833; x_wconf 89' lang='lat' dir='ltr'>sita</span> <span class='ocrx_word' id='word_1_233' title='bbox 1683 3781 1778 3833; x_wconf 89' lang='lat' dir='ltr'>est</span> <span class='ocrx_word' id='word_1_234' title='bbox 1815 3792 1961 3833; x_wconf 90' lang='lat' dir='ltr'>cum</span> <span class='ocrx_word' id='word_1_235' title='bbox 2012 3769 2303 3834; x_wconf 90' lang='lat' dir='ltr'>omnibus</span> <span class='ocrx_word' id='word_1_236' title='bbox 2341 3769 2743 3857; x_wconf 88' lang='lat' dir='ltr'>pertinenciis</span> <span class='ocrx_word' id='word_1_237' title='bbox 2786 3770 2913 3835; x_wconf 90' lang='lat' dir='ltr'>suis</span> <span class='ocrx_word' id='word_1_238' title='bbox 2946 3808 2959 3825; x_wconf 91' lang='lat'><strong>·</strong></span> <span class='ocrx_word' id='word_1_239' title='bbox 2992 3772 3263 3838; x_wconf 87' lang='lat' dir='ltr'>decimas</span> <span class='ocrx_word' id='word_1_240' title='bbox 3308 3796 3459 3858; x_wconf 88' lang='lat' dir='ltr'>quas</span> <span class='ocrx_word' id='word_1_241' title='bbox 3486 3770 3729 3837; x_wconf 84' lang='lat' dir='ltr'>habetis</span> 
     </span>
     <span class='ocr_line' id='line_1_27' title="bbox 951 3873 3728 3965; baseline -0.001 -22"><span class='ocrx_word' id='word_1_242' title='bbox 951 3879 1019 3943; x_wconf 92' lang='lat' dir='ltr'>in</span> <span class='ocrx_word' id='word_1_243' title='bbox 1047 3880 1185 3943; x_wconf 90' lang='lat' dir='ltr'>loco</span> <span class='ocrx_word' id='word_1_244' title='bbox 1217 3876 1324 3963; x_wconf 91' lang='lat' dir='ltr'>qui</span> <span class='ocrx_word' id='word_1_245' title='bbox 1356 3875 1585 3940; x_wconf 88' lang='lat' dir='ltr'>dicitur</span> <span class='ocrx_word' id='word_1_246' title='bbox 1610 3874 1808 3962; x_wconf 86' lang='lat' dir='ltr'>Steyn</span> <span class='ocrx_word' id='word_1_247' title='bbox 1841 3912 1855 3925; x_wconf 91' lang='lat'><strong>·</strong></span> <span class='ocrx_word' id='word_1_248' title='bbox 1886 3873 2318 3939; x_wconf 85' lang='lat' dir='ltr'>molendinum</span> <span class='ocrx_word' id='word_1_249' title='bbox 2354 3875 2542 3939; x_wconf 91' lang='lat' dir='ltr'>situm</span> <span class='ocrx_word' id='word_1_250' title='bbox 2588 3889 2769 3941; x_wconf 80' lang='lat' dir='ltr'>extra</span> <span class='ocrx_word' id='word_1_251' title='bbox 2795 3890 3039 3963; x_wconf 81' lang='lat' dir='ltr'>portam</span> <span class='ocrx_word' id='word_1_252' title='bbox 3066 3891 3337 3944; x_wconf 83' lang='lat' dir='ltr'>vestram</span> <span class='ocrx_word' id='word_1_253' title='bbox 3364 3901 3509 3942; x_wconf 92' lang='lat' dir='ltr'>cum</span> <span class='ocrx_word' id='word_1_254' title='bbox 3538 3879 3728 3965; x_wconf 80' lang='lat' dir='ltr'>perti·-</span> 
     </span>
     <span class='ocr_line' id='line_1_28' title="bbox 952 3981 3729 4070; baseline 0 -21"><span class='ocrx_word' id='word_1_255' title='bbox 952 3984 1190 4051; x_wconf 89' lang='lat' dir='ltr'>nenciis</span> <span class='ocrx_word' id='word_1_256' title='bbox 1237 3983 1362 4048; x_wconf 89' lang='lat' dir='ltr'>suis</span> <span class='ocrx_word' id='word_1_257' title='bbox 1395 4020 1409 4033; x_wconf 93' lang='lat'><strong>·</strong></span> <span class='ocrx_word' id='word_1_258' title='bbox 1442 3982 1764 4047; x_wconf 89' lang='lat' dir='ltr'>ecclesiam</span> <span class='ocrx_word' id='word_1_259' title='bbox 1801 3982 1997 4047; x_wconf 88' lang='lat' dir='ltr'>sancti</span> <span class='ocrx_word' id='word_1_260' title='bbox 2029 3982 2290 4070; x_wconf 85' lang='lat' dir='ltr'>Georgii</span> <span class='ocrx_word' id='word_1_261' title='bbox 2320 3982 2498 4047; x_wconf 87' lang='lat' dir='ltr'>sitam</span> <span class='ocrx_word' id='word_1_262' title='bbox 2527 3981 2597 4046; x_wconf 91' lang='lat' dir='ltr'>in</span> <span class='ocrx_word' id='word_1_263' title='bbox 2626 3983 2925 4049; x_wconf 89' lang='lat' dir='ltr'>suburbio</span> <span class='ocrx_word' id='word_1_264' title='bbox 2961 3984 3233 4051; x_wconf 85' lang='lat' dir='ltr'>civitatis</span> <span class='ocrx_word' id='word_1_265' title='bbox 3263 3984 3507 4051; x_wconf 87' lang='lat' dir='ltr'>Dublin</span> <span class='ocrx_word' id='word_1_266' title='bbox 3540 4023 3553 4036; x_wconf 94' lang='lat'><strong>·</strong></span> <span class='ocrx_word' id='word_1_267' title='bbox 3585 4008 3729 4051; x_wconf 88' lang='lat' dir='ltr'>cum</span> 
     </span>
     <span class='ocr_line' id='line_1_29' title="bbox 956 4088 3731 4178; baseline -0 -22"><span class='ocrx_word' id='word_1_268' title='bbox 956 4090 1293 4156; x_wconf 85' lang='lat' dir='ltr'>medietate</span> <span class='ocrx_word' id='word_1_269' title='bbox 1324 4088 1565 4154; x_wconf 91' lang='lat' dir='ltr'>decime</span> <span class='ocrx_word' id='word_1_270' title='bbox 1601 4090 1946 4155; x_wconf 88' lang='lat' dir='ltr'>molendini</span> <span class='ocrx_word' id='word_1_271' title='bbox 1986 4089 2089 4154; x_wconf 91' lang='lat' dir='ltr'>siti</span> <span class='ocrx_word' id='word_1_272' title='bbox 2118 4090 2281 4155; x_wconf 86' lang='lat' dir='ltr'>infra</span> <span class='ocrx_word' id='word_1_273' title='bbox 2309 4090 2668 4178; x_wconf 85' lang='lat' dir='ltr'>parochiam</span> <span class='ocrx_word' id='word_1_274' title='bbox 2697 4090 2890 4177; x_wconf 88' lang='lat' dir='ltr'>ipsius</span> <span class='ocrx_word' id='word_1_275' title='bbox 2927 4090 3185 4157; x_wconf 85' lang='lat' dir='ltr'>ecclesie</span> <span class='ocrx_word' id='word_1_276' title='bbox 3230 4105 3296 4157; x_wconf 90' lang='lat' dir='ltr'>et</span> <span class='ocrx_word' id='word_1_277' title='bbox 3336 4114 3481 4157; x_wconf 88' lang='lat' dir='ltr'>cum</span> <span class='ocrx_word' id='word_1_278' title='bbox 3513 4089 3731 4156; x_wconf 86' lang='lat' dir='ltr'>decem</span> 
     </span>
     <span class='ocr_line' id='line_1_30' title="bbox 879 4192 3729 4281; baseline -0.001 -19"><span class='ocrx_word' id='word_1_279' title='bbox 879 4196 884 4201; x_wconf 68' lang='grc'><em>’</em></span> <span class='ocrx_word' id='word_1_280' title='bbox 955 4195 1110 4263; x_wconf 88' lang='lat' dir='ltr'>acris</span> <span class='ocrx_word' id='word_1_281' title='bbox 1137 4210 1298 4261; x_wconf 89' lang='lat' dir='ltr'>terre</span> <span class='ocrx_word' id='word_1_282' title='bbox 1329 4194 1408 4259; x_wconf 86' lang='lat' dir='ltr'>ad</span> <span class='ocrx_word' id='word_1_283' title='bbox 1430 4193 1751 4259; x_wconf 89' lang='lat' dir='ltr'>ecclesiam</span> <span class='ocrx_word' id='word_1_284' title='bbox 1779 4193 1978 4281; x_wconf 85' lang='lat' dir='ltr'>ipsam</span> <span class='ocrx_word' id='word_1_285' title='bbox 2020 4193 2443 4281; x_wconf 85' lang='lat' dir='ltr'>spectantibus</span> <span class='ocrx_word' id='word_1_286' title='bbox 2494 4217 2565 4257; x_wconf 90' lang='lat' dir='ltr'>ac</span> <span class='ocrx_word' id='word_1_287' title='bbox 2597 4192 2733 4257; x_wconf 88' lang='lat' dir='ltr'>aliis</span> <span class='ocrx_word' id='word_1_288' title='bbox 2762 4193 3163 4281; x_wconf 79' lang='lat' dir='ltr'>pertinenciis</span> <span class='ocrx_word' id='word_1_289' title='bbox 3208 4194 3334 4259; x_wconf 88' lang='lat' dir='ltr'>suis</span> <span class='ocrx_word' id='word_1_290' title='bbox 3366 4232 3379 4247; x_wconf 90' lang='lat'><strong>·</strong></span> <span class='ocrx_word' id='word_1_291' title='bbox 3412 4193 3729 4280; x_wconf 87' lang='lat' dir='ltr'>quoddam</span> 
     </span>
     <span class='ocr_line' id='line_1_31' title="bbox 955 4298 2717 4390; baseline -0.003 -20"><span class='ocrx_word' id='word_1_292' title='bbox 955 4303 1345 4390; x_wconf 81' lang='lat' dir='ltr'>mesuagium</span> <span class='ocrx_word' id='word_1_293' title='bbox 1374 4301 1564 4365; x_wconf 87' lang='lat' dir='ltr'>situm</span> <span class='ocrx_word' id='word_1_294' title='bbox 1584 4300 1776 4385; x_wconf 84' lang='lat' dir='ltr'>juxta</span> <span class='ocrx_word' id='word_1_295' title='bbox 1803 4300 2127 4366; x_wconf 86' lang='lat' dir='ltr'>ecclesiam</span> <span class='ocrx_word' id='word_1_296' title='bbox 2166 4300 2362 4366; x_wconf 84' lang='lat' dir='ltr'>sancti</span> <span class='ocrx_word' id='word_1_297' title='bbox 2394 4298 2717 4387; x_wconf 79' lang='lat' dir='ltr'>Stephani.</span> 
     </span>
    </p>
   </div>
   <div class='ocr_carea' id='block_1_6' title="bbox 1085 4403 3725 4574">
    <p class='ocr_par' dir='ltr' id='par_1_10' title="bbox 1085 4403 3725 4574">
     <span class='ocr_line' id='line_1_32' title="bbox 1085 4403 3725 4574; baseline -0 -98"><span class='ocrx_word' id='word_1_298' title='bbox 1085 4410 1164 4476; x_wconf 89' lang='lat' dir='ltr'>In</span> <span class='ocrx_word' id='word_1_299' title='bbox 1193 4406 1424 4473; x_wconf 88' lang='lat' dir='ltr'>diocesi</span> <span class='ocrx_word' id='word_1_300' title='bbox 1454 4406 1702 4471; x_wconf 92' lang='lat' dir='ltr'>Dublin</span> <span class='ocrx_word' id='word_1_301' title='bbox 1729 4403 2054 4473; x_wconf 87' lang='lat' dir='ltr'>ecclesiam</span> <span class='ocrx_word' id='word_1_302' title='bbox 2084 4406 2165 4473; x_wconf 91' lang='lat' dir='ltr'>de</span> <span class='ocrx_word' id='word_1_303' title='bbox 2196 4407 2437 4474; x_wconf 75' lang='lat' dir='ltr'>Stahto.</span> <span class='ocrx_word' id='word_1_304' title='bbox 3646 4508 3725 4574; x_wconf 77' lang='lat' dir='ltr'>In</span> 
     </span>
    </p>
   </div>
   <div class='ocr_carea' id='block_1_7' title="bbox 4276 0 4295 5388">
    <p class='ocr_par' dir='ltr' id='par_1_11' title="bbox 4276 0 4295 5388">
     <span class='ocr_line' id='line_1_33' title="bbox 4276 0 4295 5388; baseline 0 0"><span class='ocrx_word' id='word_1_305' title='bbox 4276 0 4295 5388; x_wconf 95' lang='lat' dir='ltr'> </span> 
     </span>
    </p>
   </div>
  </div>
 </body>
</html>
