4295 5410
1915 627 2010 700 45

555 775 934 846 deforciavit
983 781 1338 869 predictum
1367 783 1650 850 Priorem
1697 784 1776 851 de
1823 784 2211 854 districtione
2256 811 2367 854 sua
2412 787 2692 876 predicta
2734 801 2922 878 prout
2964 790 3133 859 idem
3165 794 3347 859 Prior

553 885 770 950 asserit
797 895 904 953 διο.
993 890 1149 956 Ideo
1195 891 1654 958 consideratum
1701 907 1796 959 est
1838 895 2012 980 quod
2058 895 2374 984 predictus
2405 897 2649 983 [Prior]
2682 913 3006 985 recuperet
3048 899 3337 966 seisinam

551 1013 728 1056 suam
761 992 840 1058 de
871 995 1166 1082 predictis
1196 998 1442 1065 duobus
1486 1000 1766 1066 solidatis
1809 1002 2093 1068 redditus
2138 1027 2285 1069 cum
2314 1003 2717 1092 pertinenciis
2746 1029 2959 1070 versus
2985 1007 3337 1094 predictum

552 1097 878 1164 Andream
908 1124 1020 1188 per
1048 1104 1550 1192 recognicionem
1588 1131 1762 1172 suam
1793 1106 2139 1196 predictam
2173 1118 2281 1176 διο.
2370 1109 2461 1174 Et
2496 1108 2813 1198 predictus
2840 1111 3129 1178 Andreas
3164 1136 3335 1179 com-

552 1204 826 1271 mittitur
854 1208 1102 1295 prisone
1130 1213 1280 1297 quia
1315 1214 1684 1302 recognovit
1712 1214 2097 1281 disseisinam
2126 1217 2241 1282 διο.
2271 1240 2595 1303 quousque
2624 1225 2731 1282 διο.
2760 1231 2974 1305 postea
3000 1219 3339 1285 remittitur

562 1312 812 1401 prisona
840 1324 947 1381 Sec.
1037 1317 1126 1384 Et
1154 1320 1471 1407 predictus
1498 1323 1787 1388 Andreas
1815 1322 2062 1390 invenit
2088 1323 2329 1413 plegios
2358 1323 2437 1389 de
2466 1322 2889 1390 misericordis
2916 1332 3021 1390 διο.

1830 1639 2074 1711 XLII.

1417 1825 1536 1902 Bt
1566 1825 1801 1899 testim
1838 1825 1904 1898 ίιι
1938 1824 2064 1897 bito
2100 1823 2471 1898 nemausi.

687 2013 880 2081 Ciant
907 2029 1220 2102 presentes
1248 2027 1312 2080 et
1339 2013 1536 2079 futuri
1565 2014 1737 2100 quod
1766 2013 1908 2103 Ego
1938 2013 2274 2102 Philippus
2313 2015 2392 2081 de
2423 2014 2747 2081 Duraham
2776 2013 2923 2080 dedi
2953 2016 3225 2082 concessi
3272 2031 3337 2082 et

727 2120 848 2186 hac
875 2119 1146 2208 presenti
1177 2135 1344 2186 carta
1371 2144 1512 2186 mea
1538 2118 1905 2186 confirmavi
1935 2119 2076 2186 Deo
2115 2133 2181 2185 et
2206 2121 2387 2186 beate
2418 2119 2622 2186 Marie
2650 2135 2716 2186 et
2742 2119 3001 2187 ecclesie
3032 2121 3335 2188 Omnium

559 2227 930 2294 Sanctorum
951 2229 1144 2315 juxta
1174 2227 1418 2294 Dublin
1447 2252 1562 2316 pro
1591 2228 1788 2295 salute
1818 2229 2024 2294 anime
2052 2252 2193 2294 mee
2231 2242 2296 2294 et
2326 2228 2527 2295 Elene
2556 2228 2773 2294 uxoris
2800 2252 2939 2294 mee
2969 2241 3033 2294 et
3060 2243 3333 2295 anteces-

554 2359 762 2401 sorum
810 2351 876 2402 et
911 2359 1330 2402 successorum
1377 2360 1660 2402 meorum
1689 2335 2101 2426 quadraginta
2130 2337 2287 2402 duos
2326 2335 2611 2402 denarios
2640 2336 2718 2402 de
2745 2334 2998 2402 redditu
3025 2335 3334 2424 imperpe-

553 2458 734 2508 tuum
769 2481 784 2494 ·
815 2443 896 2509 sd
933 2442 1454 2508 sustentacionem
1498 2441 1634 2506 vini
1681 2439 1964 2508 sacrificii
2003 2439 2241 2528 prefate
2286 2439 2546 2507 ecclesie
2576 2439 2881 2506 Omnium
2914 2438 3283 2507 Sanctorum
3317 2479 3331 2490 ·

553 2548 791 2614 scilicet
819 2547 898 2612 de
926 2561 1090 2612 terra
1117 2569 1306 2633 quam
1335 2545 1546 2611 Adam
1577 2546 1657 2611 de
1679 2544 2008 2611 Wolbeter
2035 2557 2209 2610 tenet
2235 2543 2305 2608 in
2335 2543 2477 2610 vico
2507 2543 2849 2609 Berterani.

683 2653 826 2742 Ego
873 2651 1189 2741 predictus
1226 2651 1564 2741 Philippus
1609 2665 1674 2718 et
1717 2649 1977 2717 heredes
2026 2649 2153 2717 mei
2200 2649 2441 2717 dictum
2499 2649 2817 2715 redditum
2864 2649 3029 2717 dicte
3074 2649 3331 2718 ecclesie

551 2758 1014 2847 imperpetuum
1053 2758 1494 2825 sustinebimus
1532 2758 1612 2825 sd
1643 2758 1798 2824 duos
1837 2756 2133 2823 terminos
2173 2756 2322 2823 anni
2358 2755 2794 2845 percipiendos
2826 2794 2841 2809 ·
2871 2756 3167 2823 videlicet
3199 2780 3329 2822 me-

554 2864 852 2931 dietatem
898 2864 979 2930 sd
1023 2863 1228 2930 natale
1267 2862 1529 2928 Domini
1580 2876 1647 2928 et
1695 2861 1882 2928 aliam
1926 2861 2325 2929 medietatem
2366 2862 2447 2929 ad
2491 2862 2719 2928 festum
2768 2861 2981 2928 Sancti
3008 2862 3053 2928 J
3055 2861 3333 2927 ohannis.

553 2972 698 3060 Ego
727 2994 876 3036 vero
903 2969 1220 3057 predictus
1248 2967 1582 3057 Philippus
1610 2980 1676 3032 et
1702 2965 1961 3033 heredes
1989 2966 2115 3032 mei
2145 2966 2385 3032 dictum
2420 2965 2735 3031 redditum
2765 2965 3042 3053 predicte
3078 2965 3337 3031 ecclesie

556 3076 861 3142 Omnium
895 3074 1264 3141 Sanctorum
1303 3085 1520 3139 contra
1563 3094 1776 3137 omnes
1803 3070 2090 3136 homines
2117 3083 2185 3136 et
2210 3069 2471 3136 feminas
2499 3069 3056 3137 warentizabimus.
3144 3070 3233 3135 Et
3260 3084 3334 3135 ut

552 3182 672 3249 hec
701 3206 842 3247 mes.
870 3180 1133 3247 donacio
1161 3192 1227 3245 et
1254 3178 1564 3245 concessio
1593 3177 1820 3243 futuris
1862 3178 2247 3265 temporibus
2276 3176 2454 3243 firma
2496 3192 2561 3243 et
2588 3176 2951 3243 inconcussa
2978 3189 3336 3263 permaneat

553 3302 903 3375 presentem
932 3300 1164 3351 cartam
1191 3285 1318 3349 mei
1347 3283 1540 3373 sigilli
1577 3282 1926 3349 munimine
1955 3283 2368 3350 corroboravi.
2457 3283 2603 3348 Hiis
2632 3282 2891 3349 testibus
2923 3320 2937 3333 ·
2967 3282 3009 3346 J
3013 3280 3257 3347 ohanne
3284 3280 3333 3345 li

549 3392 772 3459 Waret
793 3406 944 3457 tunc
975 3390 1097 3476 maj
1105 3414 1210 3455 ore
1239 3389 1484 3456 Dublin
1516 3428 1529 3441 ·
1563 3388 1835 3456 Ricardo
1863 3389 1980 3454 Pel
2007 3403 2073 3455 et
2100 3388 2401 3477 Philippo
2426 3388 2608 3454 Libel
2642 3425 2654 3438 ·
2684 3387 2729 3453 J
2730 3386 2976 3453 ohanne
2995 3386 3286 3453 Cantoun
3314 3426 3327 3438 ·

555 3498 883 3564 Willelmo
910 3498 970 3563 le
1001 3497 1250 3564 Graunt
1282 3538 1295 3549 ·
1325 3498 1370 3564 J
1371 3497 1618 3563 ohanne
1647 3496 1726 3564 de
1754 3496 1815 3560 la
1843 3496 2026 3563 Pulle
2055 3512 2120 3563 et
2150 3496 2302 3563 aliis.

1796 3816 2080 3889 XLIII.

748 4003 865 4079 me
897 4006 1132 4079 ttn'flitn
1164 4014 1328 4078 tnta
1363 4005 1588 4077 nubam
1623 4014 1866 4093 portam
1899 4021 2081 4095 propt
2113 4001 2430 4078 talaiam
2465 4000 2713 4087 §aaut
2744 4001 3123 4099 alstannus.

754 4192 874 4260 EC
904 4192 1245 4261 dividenda
1271 4204 1534 4258 testatur
1562 4191 1732 4279 quod
1761 4191 1945 4258 Prior
1971 4203 2037 4257 et
2062 4203 2411 4259 conventus
2438 4190 2696 4258 ecclesie
2728 4190 3033 4257 Omnium
3068 4188 3323 4255 Sancto-

797 4330 939 4371 rum
959 4305 1152 4391 juxts
1179 4302 1425 4370 Dublin
1462 4302 1833 4368 remiserunt
1868 4315 1933 4367 et
1959 4299 2404 4367 relaxaverunt
2429 4299 2474 4365 J
2474 4296 2709 4364 ohanni
2736 4297 2796 4363 le
2824 4296 3034 4385 Whyt
3062 4296 3141 4361 de
3169 4296 3323 4360 Bor-

547 4413 928 4481 huntestoun
974 4428 1040 4480 et
1068 4412 1354 4479 Marione
1383 4410 1570 4477 uxori
1613 4410 1749 4496 ejus
1797 4409 2008 4475 omnia
2035 4407 2343 4495 arreragia
2368 4405 2651 4473 redditus
2677 4402 2956 4491 quinque
2984 4400 3322 4467 solidorum

3210 4529 3322 4593 per
