4295 5410
1977 647 2060 720 31

1864 937 2164 1012 XXVI.

798 1121 913 1198 Bt
943 1128 1260 1199 nannetem
1289 1125 1567 1200 umatus
1602 1124 1808 1198 annui
1841 1126 2114 1199 temtus
2145 1125 2368 1198 fimus
2402 1122 2716 1197 tttltsiam
2753 1120 3000 1207 ἐπει(
3032 1123 3240 1216 qamt.

767 1309 956 1378 Ciant
983 1327 1296 1402 presentes
1335 1327 1399 1380 et
1425 1313 1619 1380 futuri
1648 1314 1818 1400 quod
1846 1338 1965 1403 ego
1993 1309 2343 1378 Audoenus
2370 1311 2549 1378 Brun
2578 1311 2724 1378 dedi
2770 1324 2835 1379 et
2879 1311 3153 1378 concessi
3200 1323 3263 1376 et
3288 1311 3405 1376 hac

808 1421 1081 1508 presenti
1109 1434 1278 1487 carta
1323 1444 1462 1485 mea
1505 1419 1868 1487 confirmavi
1899 1419 2040 1485 Deo
2085 1432 2151 1486 et
2179 1419 2395 1484 domui
2426 1417 2730 1484 Omnium
2765 1417 3133 1484 Sanctorum
3163 1417 3406 1482 Dublin

637 1541 700 1592 et
742 1525 1055 1594 canonicis
1104 1526 1343 1592 ibidem
1391 1525 1531 1591 Deo
1588 1526 2000 1592 servientibus
2041 1565 2054 1576 ·
2093 1525 2413 1591 redditum
2463 1525 2810 1590 duodecem
2854 1524 3247 1590 denariorum
3293 1547 3407 1611 pro

635 1631 829 1697 salute
859 1631 1065 1697 anime
1093 1655 1231 1697 mee
1261 1644 1324 1696 et
1352 1630 1544 1719 patris
1571 1630 1698 1697 mei
1727 1646 1791 1698 et
1812 1655 2094 1697 meorum
2123 1643 2577 1696 antecessorum
2606 1630 2674 1694 in
2702 1654 2923 1718 puram
2952 1644 3017 1695 et
3044 1643 3409 1718 perpetuam

635 1737 1034 1804 elemosinam
1066 1776 1081 1791 ·
1111 1737 1348 1804 scilicet
1376 1738 1455 1804 de
1494 1751 1657 1805 terra
1685 1764 1807 1825 que
1835 1739 1958 1805 fuit
1986 1739 2128 1804 Elie
2165 1738 2452 1828 Snelling
2480 1763 2666 1824 quam
2697 1738 2871 1804 Elias
2915 1737 3194 1803 medicus
3240 1749 3412 1803 tenet

637 1841 713 1908 de
734 1867 836 1909 me
864 1868 1076 1910 versus
1122 1845 1445 1912 ecclesiam
1477 1846 1691 1913 Sancti
1722 1846 1896 1912 Petri
1941 1846 2303 1934 recipiendo
2348 1870 2464 1912 sex
2510 1845 2793 1911 denarios
2839 1845 2919 1910 ad
2948 1845 3143 1910 Pasca
3187 1857 3252 1908 et
3297 1867 3411 1908 sex

638 1948 920 2014 denarios
959 1949 1028 2013 in
1055 1948 1212 2014 festo
1245 1949 1459 2015 Sancti
1489 1949 1836 2015 Michaelis
1925 1949 2072 2014 Hiis
2117 1949 2381 2015 testibus
2413 1987 2427 2000 ·
2459 1948 2651 2015 Helia
2695 1948 2773 2014 de
2804 1947 3045 2013 Launie
3078 1987 3091 1998 ·
3126 1946 3411 2012 Gilberto

638 2053 740 2120 del
769 2054 980 2143 Lynet
1011 2095 1024 2107 ·
1056 2055 1119 2119 N
1121 2056 1364 2122 icholao
1393 2056 1472 2122 de
1502 2055 1816 2122 Bedeford
1848 2093 1862 2107 ·
1887 2055 2243 2122 Vincencio
2270 2055 2351 2121 de
2374 2053 2524 2120 Lira
2554 2093 2568 2106 ·
2601 2055 2850 2143 Rogero
2879 2055 3055 2119 Brun
3088 2092 3101 2105 ·
3126 2052 3410 2118 Waltero

639 2157 864 2223 clerico
893 2171 958 2225 et
985 2159 1198 2224 multis
1228 2159 1383 2224 aliis·

1849 2421 2189 2495 XXVII.

1185 2603 1300 2680 De
1333 2605 1438 2678 κίί.
1471 2606 1748 2680 Ismariis
1779 2608 2001 2682 fimus
2033 2607 2350 2684 mmmm
2382 2608 2631 2695 aeautti
2652 2609 2862 2701 qemi.

819 2792 1079 2860 Mnibus
1101 2792 1332 2859 Christi
1364 2792 1656 2859 fidelibus
1702 2793 1783 2860 ad
1810 2819 1965 2880 quos
2003 2820 2255 2886 presens
2303 2799 2603 2888 scriptum
2648 2796 3006 2888 pervenerit
3033 2796 3252 2862 Helias
3282 2796 3411 2862 Cu-

861 2901 1039 2967 lache
1067 2913 1131 2966 et
1159 2898 1466 2965 Matinis
1495 2924 1662 2966 uxor
1689 2900 1824 2987 ejus
1851 2902 1920 2967 in
1947 2926 2097 2968 vero
2137 2904 2443 2972 salvatore
2487 2906 2769 2973 salutem.
2855 2904 2968 2969 Ad
2994 2903 3415 2969 universitatis

642 3022 844 3075 vestre
873 3006 1161 3072 volumus
1189 3006 1515 3093 pervenire
1545 3007 1848 3073 noticiam
1884 3031 1997 3073 nos
2027 3008 2243 3075 divine
2272 3011 2523 3099 pietatis
2548 3010 2787 3077 intuitu
2824 3022 2888 3075 et
2913 3034 3027 3098 pro
3056 3009 3252 3075 salute
3282 3008 3414 3075 ani·

643 3140 886 3183 marum
936 3128 1280 3180 nostrarum
1323 3127 1389 3179 et
1434 3114 1718 3179 omnium
1763 3128 2215 3183 antecessorum
2260 3132 2609 3185 nostrorum
2637 3119 2871 3207 legasse
2901 3116 3141 3183 dedisse
3190 3130 3256 3181 et
3298 3115 3418 3182 hac

642 3221 915 3310 presenti
954 3233 1121 3287 carta
1165 3218 1556 3285 confirmasse
1587 3220 1727 3317 Deo
1765 3234 1829 3287 et
1855 3222 2038 3289 beate
2066 3223 2271 3291 Marie
2321 3238 2386 3290 et
2420 3224 2678 3291 ecclesie
2709 3222 3015 3289 Omnium
3048 3221 3417 3287 Sanctorum

635 3328 827 3414 juxta
847 3325 1093 3392 Dublin
1113 3337 1178 3391 et
1198 3324 1512 3392 canonicis
1531 3325 1768 3392 ibidem
1793 3326 1932 3392 Deo
1961 3327 2379 3394 servientibus
2401 3328 2747 3394 -redditum
2769 3328 3113 3393 duodecem
3132 3326 3415 3392 denario-

643 3456 783 3497 rum
807 3429 1129 3496 annuatim
1148 3429 1227 3497 de
1250 3430 1472 3497 eodem
1499 3430 1828 3520 curtilagio
1847 3432 1924 3498 de
1955 3457 2080 3518 quo
2098 3432 2265 3500 dicte
2284 3434 2505 3500 domus
2533 3434 2818 3501 canonici
2833 3434 3069 3499 habent
3096 3431 3419 3499 annuatim

646 3538 724 3604 de
755 3539 922 3603 dono
951 3536 1254 3602 Audoeni
1281 3537 1460 3602 Brun
1488 3562 1602 3625 pro
1632 3538 1841 3605 anima
1868 3539 2061 3627 patris
2089 3540 2188 3606 sui
2216 3555 2281 3606 et
2310 3554 2764 3607 antecessorum
2792 3563 3045 3605 suorum
3075 3538 3418 3604 duodecem

644 3644 927 3710 denarios
953 3682 966 3695 ·
999 3643 1236 3709 scilicet
1275 3655 1348 3708 ut
1373 3667 1492 3732 ego
1522 3643 1740 3709 Helias
1780 3657 1844 3710 et
1869 3670 2034 3711 uxor
2075 3634 2217 3712 mea
2245 3646 2528 3713 Matildis
2557 3646 2898 3713 efficiamur
2926 3644 3255 3732 participes
3284 3668 3415 3711 om-

644 3750 822 3816 nium
849 3751 1157 3816 bonorum
1186 3763 1251 3815 et
1279 3748 1637 3814 oracionum
1667 3774 1790 3837 que
1817 3751 1886 3815 in
1914 3765 2232 3840 posterum
2260 3752 2329 3817 in
2356 3753 2596 3841 prefata
2629 3751 2891 3819 ecclesia
2920 3752 3089 3815 fient.
3178 3750 3273 3816 Ut
3298 3750 3415 3816 hec

645 3872 854 3924 autem
883 3854 1146 3921 donacio
1173 3854 1414 3943 legacio
1450 3867 1517 3919 et
1551 3854 1948 3921 confirmacio
1977 3855 2343 3922 inconcussa
2369 3868 2722 3944 perseveret
2748 3867 3095 3943 presentem
3124 3854 3416 3942 paginam

643 3965 834 4055 sigilli
879 3962 1074 4029 nostri
1123 3963 1300 4027 muni
1309 3960 1535 4050 [mine]
1582 3962 2026 4029 roboravimus.
2113 3964 2261 4029 Hiis
2302 3963 2562 4029 testibus
2594 4002 2608 4015 ·
2639 3962 2894 4029 domino
2925 3962 3171 4050 Rogero
3201 3961 3416 4025 Priore

647 4074 969 4158 [ecclesi]e
1019 4082 1226 4135 sancte
1267 4067 1595 4134 Trinitatis
1627 4106 1641 4120 ·
1672 4068 1968 4157 magistro
2016 4069 2267 4136 Thoma
2314 4068 2681 4137 cancellario
2726 4070 2803 4135 de
2836 4068 3065 4135 Sancto
3093 4067 3366 4133 Patricio
3400 4105 3414 4120 ·

643 4177 898 4243 domino
927 4174 1251 4241 Willelmo
1278 4186 1431 4240 tunc
1461 4173 1696 4239 decano
1729 4211 1742 4225 ·
1775 4174 2062 4243 Gilberto
2091 4175 2195 4243 del
2226 4176 2398 4243 Ynet
2430 4215 2440 4227 ·
2473 4174 2799 4242 Willelmo
2830 4176 2907 4241 de
2948 4174 3367 4239 Flammested
3400 4214 3412 4225 -

647 4280 961 4348 Edwardo
990 4278 1279 4377 Palmero
1308 4290 1373 4343 et
1400 4277 1615 4344 multis
1644 4278 1796 4344 aliis.

3076 4534 3409 4625 xxvm.
