<?xml version="1.0" encoding="UTF-8"?>
<!DOCTYPE html PUBLIC "-//W3C//DTD XHTML 1.0 Transitional//EN"
    "http://www.w3.org/TR/xhtml1/DTD/xhtml1-transitional.dtd">
<html xmlns="http://www.w3.org/1999/xhtml" xml:lang="en" lang="en">
 <head>
  <title>
</title>
<meta http-equiv="Content-Type" content="text/html;charset=utf-8" />
  <meta name='ocr-system' content='tesseract 3.04.00' />
  <meta name='ocr-capabilities' content='ocr_page ocr_carea ocr_par ocr_line ocrx_word'/>
</head>
<body>
  <div class='ocr_page' id='page_1' title='image "./registrumpriora00butlgoog_0122.png"; bbox 0 0 4295 5410; ppageno 0'>
   <div class='ocr_carea' id='block_1_1' title="bbox 2262 655 2359 717">
    <p class='ocr_par' dir='ltr' id='par_1_1' title="bbox 2262 655 2359 717">
     <span class='ocr_line' id='line_1_1' title="bbox 2262 655 2359 717; baseline 0 -15"><span class='ocrx_word' id='word_1_1' title='bbox 2262 655 2359 717; x_wconf 91' lang='lat'>40</span> 
     </span>
    </p>
   </div>
   <div class='ocr_carea' id='block_1_2' title="bbox 929 804 3716 1210">
    <p class='ocr_par' dir='ltr' id='par_1_2' title="bbox 929 804 3716 1210">
     <span class='ocr_line' id='line_1_2' title="bbox 932 804 3715 902; baseline 0.005 -33"><span class='ocrx_word' id='word_1_2' title='bbox 932 817 995 869; x_wconf 87' lang='lat' dir='ltr'>et</span> <span class='ocrx_word' id='word_1_3' title='bbox 1021 804 1384 872; x_wconf 87' lang='lat' dir='ltr'>inconcussa</span> <span class='ocrx_word' id='word_1_4' title='bbox 1398 805 1702 902; x_wconf 82' lang='lat' dir='ltr'>habeatur</span> <span class='ocrx_word' id='word_1_5' title='bbox 1722 822 2070 896; x_wconf 70' lang='lat' dir='ltr'><strong>presentem</strong></span> <span class='ocrx_word' id='word_1_6' title='bbox 2093 810 2388 900; x_wconf 87' lang='lat' dir='ltr'>paginam</span> <span class='ocrx_word' id='word_1_7' title='bbox 2417 811 2609 900; x_wconf 85' lang='lat' dir='ltr'>sigilli</span> <span class='ocrx_word' id='word_1_8' title='bbox 2630 813 2755 878; x_wconf 89' lang='lat' dir='ltr'>mei</span> <span class='ocrx_word' id='word_1_9' title='bbox 2784 812 3187 902; x_wconf 82' lang='lat' dir='ltr'>impressione</span> <span class='ocrx_word' id='word_1_10' title='bbox 3216 816 3520 883; x_wconf 79' lang='lat' dir='ltr'>roboravi.</span> <span class='ocrx_word' id='word_1_11' title='bbox 3566 817 3715 882; x_wconf 88' lang='lat' dir='ltr'>Hiis</span> 
     </span>
     <span class='ocr_line' id='line_1_3' title="bbox 929 910 3715 1006; baseline 0.003 -32"><span class='ocrx_word' id='word_1_12' title='bbox 929 910 1188 976; x_wconf 88' lang='lat' dir='ltr'>testibus</span> <span class='ocrx_word' id='word_1_13' title='bbox 1220 948 1233 961; x_wconf 94' lang='lat'><strong>·</strong></span> <span class='ocrx_word' id='word_1_14' title='bbox 1267 910 1522 976; x_wconf 91' lang='lat' dir='ltr'>domino</span> <span class='ocrx_word' id='word_1_15' title='bbox 1544 911 1870 976; x_wconf 88' lang='lat' dir='ltr'>Willelmo</span> <span class='ocrx_word' id='word_1_16' title='bbox 1900 912 2136 979; x_wconf 85' lang='lat' dir='ltr'>decano</span> <span class='ocrx_word' id='word_1_17' title='bbox 2159 913 2239 979; x_wconf 90' lang='lat' dir='ltr'>de</span> <span class='ocrx_word' id='word_1_18' title='bbox 2262 913 2491 980; x_wconf 88' lang='lat' dir='ltr'>Sancto</span> <span class='ocrx_word' id='word_1_19' title='bbox 2520 915 2793 982; x_wconf 79' lang='lat' dir='ltr'>Patricio</span> <span class='ocrx_word' id='word_1_20' title='bbox 2826 955 2839 968; x_wconf 93' lang='lat'><strong>·</strong></span> <span class='ocrx_word' id='word_1_21' title='bbox 2872 917 3168 1006; x_wconf 86' lang='lat' dir='ltr'>magistro</span> <span class='ocrx_word' id='word_1_22' title='bbox 3198 919 3447 985; x_wconf 89' lang='lat' dir='ltr'>Thoma</span> <span class='ocrx_word' id='word_1_23' title='bbox 3475 919 3715 986; x_wconf 86' lang='lat' dir='ltr'>cancel-</span> 
     </span>
     <span class='ocr_line' id='line_1_4' title="bbox 930 1013 3716 1110; baseline 0.003 -31"><span class='ocrx_word' id='word_1_24' title='bbox 930 1014 1084 1080; x_wconf 86' lang='lat' dir='ltr'>lario</span> <span class='ocrx_word' id='word_1_25' title='bbox 1117 1053 1130 1066; x_wconf 94' lang='lat'><strong>·</strong></span> <span class='ocrx_word' id='word_1_26' title='bbox 1164 1013 1418 1081; x_wconf 90' lang='lat' dir='ltr'>domino</span> <span class='ocrx_word' id='word_1_27' title='bbox 1449 1016 1698 1104; x_wconf 88' lang='lat' dir='ltr'>Rogero</span> <span class='ocrx_word' id='word_1_28' title='bbox 1727 1015 1946 1082; x_wconf 84' lang='lat' dir='ltr'>Priore</span> <span class='ocrx_word' id='word_1_29' title='bbox 1984 1017 2064 1083; x_wconf 92' lang='lat' dir='ltr'>de</span> <span class='ocrx_word' id='word_1_30' title='bbox 2097 1017 2326 1084; x_wconf 85' lang='lat' dir='ltr'>Sancta</span> <span class='ocrx_word' id='word_1_31' title='bbox 2355 1016 2667 1084; x_wconf 78' lang='lat' dir='ltr'>Trinitate</span> <span class='ocrx_word' id='word_1_32' title='bbox 2700 1056 2714 1070; x_wconf 93' lang='lat'><strong>·</strong></span> <span class='ocrx_word' id='word_1_33' title='bbox 2748 1018 2831 1085; x_wconf 79' lang='lat' dir='ltr'>G.&#39;</span> <span class='ocrx_word' id='word_1_34' title='bbox 2866 1019 2971 1085; x_wconf 92' lang='lat' dir='ltr'>del</span> <span class='ocrx_word' id='word_1_35' title='bbox 3010 1020 3181 1086; x_wconf 89' lang='lat' dir='ltr'>Ynet</span> <span class='ocrx_word' id='word_1_36' title='bbox 3212 1059 3227 1072; x_wconf 94' lang='lat'><strong>·</strong></span> <span class='ocrx_word' id='word_1_37' title='bbox 3259 1021 3597 1110; x_wconf 87' lang='lat' dir='ltr'>Radulpho</span> <span class='ocrx_word' id='word_1_38' title='bbox 3636 1022 3716 1087; x_wconf 88' lang='lat' dir='ltr'>de</span> 
     </span>
     <span class='ocr_line' id='line_1_5' title="bbox 938 1120 2120 1210; baseline 0.003 -26"><span class='ocrx_word' id='word_1_39' title='bbox 938 1120 1120 1186; x_wconf 89' lang='lat' dir='ltr'>Mora</span> <span class='ocrx_word' id='word_1_40' title='bbox 1153 1160 1166 1172; x_wconf 93' lang='lat'><strong>·</strong></span> <span class='ocrx_word' id='word_1_41' title='bbox 1197 1121 1497 1210; x_wconf 85' lang='lat' dir='ltr'>Wydone</span> <span class='ocrx_word' id='word_1_42' title='bbox 1529 1121 1844 1188; x_wconf 86' lang='lat' dir='ltr'>Cornubie</span> <span class='ocrx_word' id='word_1_43' title='bbox 1874 1134 1940 1188; x_wconf 91' lang='lat' dir='ltr'>et</span> <span class='ocrx_word' id='word_1_44' title='bbox 1967 1122 2120 1188; x_wconf 83' lang='lat' dir='ltr'>aliis.</span> 
     </span>
    </p>
   </div>
   <div class='ocr_carea' id='block_1_3' title="bbox 1665 1510 2982 1773">
    <p class='ocr_par' dir='ltr' id='par_1_3' title="bbox 1665 1510 2982 1773">
     <span class='ocr_line' id='line_1_6' title="bbox 2125 1510 2547 1587; baseline 0 -4"><span class='ocrx_word' id='word_1_45' title='bbox 2125 1510 2547 1587; x_wconf 89' lang='lat' dir='ltr'>XXXVII.</span> 
     </span>
     <span class='ocr_line' id='line_1_7' title="bbox 1665 1695 2982 1773; baseline 0.001 -2"><span class='ocrx_word' id='word_1_46' title='bbox 1665 1695 1780 1771; x_wconf 63' lang='lat' dir='ltr'>m</span> <span class='ocrx_word' id='word_1_47' title='bbox 1815 1699 2017 1770; x_wconf 65' lang='lat' dir='ltr'>tantm</span> <span class='ocrx_word' id='word_1_48' title='bbox 2051 1707 2393 1772; x_wconf 76' lang='lat' dir='ltr'>ttmmtutu</span> <span class='ocrx_word' id='word_1_49' title='bbox 2428 1697 2552 1773; x_wconf 72' lang='lat' dir='ltr'>suh</span> <span class='ocrx_word' id='word_1_50' title='bbox 2590 1695 2725 1772; x_wconf 72' lang='lat' dir='ltr'>alia</span> <span class='ocrx_word' id='word_1_51' title='bbox 2760 1701 2982 1773; x_wconf 76' lang='lat' dir='ltr'>fut-ma.</span> 
     </span>
    </p>
   </div>
   <div class='ocr_carea' id='block_1_4' title="bbox 867 1884 3721 3998">
    <p class='ocr_par' dir='ltr' id='par_1_4' title="bbox 867 1884 3721 3998">
     <span class='ocr_line' id='line_1_8' title="bbox 1144 1884 3716 1970; baseline 0 -18"><span class='ocrx_word' id='word_1_52' title='bbox 1144 1885 1261 1952; x_wconf 83' lang='lat' dir='ltr'>EO</span> <span class='ocrx_word' id='word_1_53' title='bbox 1289 1886 1620 1952; x_wconf 84' lang='lat' dir='ltr'>indentura</span> <span class='ocrx_word' id='word_1_54' title='bbox 1646 1897 1906 1951; x_wconf 85' lang='lat' dir='ltr'>testatur</span> <span class='ocrx_word' id='word_1_55' title='bbox 1934 1884 2104 1970; x_wconf 94' lang='lat' dir='ltr'>quod</span> <span class='ocrx_word' id='word_1_56' title='bbox 2133 1884 2317 1950; x_wconf 90' lang='lat' dir='ltr'>Prior</span> <span class='ocrx_word' id='word_1_57' title='bbox 2344 1896 2409 1950; x_wconf 90' lang='lat' dir='ltr'>et</span> <span class='ocrx_word' id='word_1_58' title='bbox 2428 1901 2771 1953; x_wconf 88' lang='lat' dir='ltr'>conventus</span> <span class='ocrx_word' id='word_1_59' title='bbox 2790 1888 3010 1953; x_wconf 89' lang='lat' dir='ltr'>domus</span> <span class='ocrx_word' id='word_1_60' title='bbox 3022 1885 3327 1952; x_wconf 81' lang='lat' dir='ltr'>Omnium</span> <span class='ocrx_word' id='word_1_61' title='bbox 3341 1887 3716 1954; x_wconf 86' lang='lat' dir='ltr'>Sanctorum</span> 
     </span>
     <span class='ocr_line' id='line_1_9' title="bbox 1177 1989 3715 2078; baseline 0.002 -22"><span class='ocrx_word' id='word_1_62' title='bbox 1177 1991 1368 2078; x_wconf 83' lang='lat' dir='ltr'>juxta</span> <span class='ocrx_word' id='word_1_63' title='bbox 1395 1990 1640 2057; x_wconf 91' lang='lat' dir='ltr'>Dublin</span> <span class='ocrx_word' id='word_1_64' title='bbox 1673 1989 2046 2056; x_wconf 88' lang='lat' dir='ltr'>remiserunt</span> <span class='ocrx_word' id='word_1_65' title='bbox 2085 2000 2151 2054; x_wconf 93' lang='lat' dir='ltr'>et</span> <span class='ocrx_word' id='word_1_66' title='bbox 2186 1990 2629 2056; x_wconf 83' lang='lat' dir='ltr'>relaxaverunt</span> <span class='ocrx_word' id='word_1_67' title='bbox 2656 1992 2933 2058; x_wconf 87' lang='lat' dir='ltr'>Roberto</span> <span class='ocrx_word' id='word_1_68' title='bbox 2968 1992 3276 2058; x_wconf 82' lang='lat' dir='ltr'>Stantoun</span> <span class='ocrx_word' id='word_1_69' title='bbox 3314 1995 3525 2059; x_wconf 81' lang='lat' dir='ltr'>omnia</span> <span class='ocrx_word' id='word_1_70' title='bbox 3553 2020 3715 2061; x_wconf 85' lang='lat' dir='ltr'>arre-</span> 
     </span>
     <span class='ocr_line' id='line_1_10' title="bbox 933 2096 3716 2187; baseline 0.001 -23"><span class='ocrx_word' id='word_1_71' title='bbox 933 2100 1107 2187; x_wconf 88' lang='lat' dir='ltr'>ragia</span> <span class='ocrx_word' id='word_1_72' title='bbox 1136 2138 1149 2151; x_wconf 91' lang='lat'><strong>·</strong></span> <span class='ocrx_word' id='word_1_73' title='bbox 1184 2113 1450 2184; x_wconf 86' lang='lat' dir='ltr'>quatuor</span> <span class='ocrx_word' id='word_1_74' title='bbox 1476 2097 1772 2163; x_wconf 82' lang='lat' dir='ltr'>videlicet</span> <span class='ocrx_word' id='word_1_75' title='bbox 1798 2096 2138 2162; x_wconf 88' lang='lat' dir='ltr'>solidorum</span> <span class='ocrx_word' id='word_1_76' title='bbox 2170 2097 2363 2162; x_wconf 88' lang='lat' dir='ltr'>annui</span> <span class='ocrx_word' id='word_1_77' title='bbox 2392 2098 2671 2163; x_wconf 88' lang='lat' dir='ltr'>redditus</span> <span class='ocrx_word' id='word_1_78' title='bbox 2714 2099 3092 2165; x_wconf 84' lang='lat' dir='ltr'>exeuncium</span> <span class='ocrx_word' id='word_1_79' title='bbox 3124 2099 3203 2164; x_wconf 89' lang='lat' dir='ltr'>de</span> <span class='ocrx_word' id='word_1_80' title='bbox 3241 2101 3513 2185; x_wconf 90' lang='lat' dir='ltr'>quodam</span> <span class='ocrx_word' id='word_1_81' title='bbox 3544 2114 3716 2168; x_wconf 87' lang='lat' dir='ltr'>tene-</span> 
     </span>
     <span class='ocr_line' id='line_1_11' title="bbox 935 2204 3715 2293; baseline 0.002 -23"><span class='ocrx_word' id='word_1_82' title='bbox 935 2219 1148 2270; x_wconf 89' lang='lat' dir='ltr'>mento</span> <span class='ocrx_word' id='word_1_83' title='bbox 1192 2205 1261 2270; x_wconf 89' lang='lat' dir='ltr'>in</span> <span class='ocrx_word' id='word_1_84' title='bbox 1305 2204 1600 2293; x_wconf 87' lang='lat' dir='ltr'>parochia</span> <span class='ocrx_word' id='word_1_85' title='bbox 1632 2204 1847 2271; x_wconf 85' lang='lat' dir='ltr'>Sancti</span> <span class='ocrx_word' id='word_1_86' title='bbox 1883 2204 1948 2268; x_wconf 85' lang='lat' dir='ltr'>N</span> <span class='ocrx_word' id='word_1_87' title='bbox 1947 2204 2178 2270; x_wconf 85' lang='lat' dir='ltr'>icholai</span> <span class='ocrx_word' id='word_1_88' title='bbox 2207 2204 2451 2270; x_wconf 90' lang='lat' dir='ltr'>Dublin</span> <span class='ocrx_word' id='word_1_89' title='bbox 2479 2206 2547 2270; x_wconf 92' lang='lat' dir='ltr'>in</span> <span class='ocrx_word' id='word_1_90' title='bbox 2584 2206 2727 2272; x_wconf 86' lang='lat' dir='ltr'>vico</span> <span class='ocrx_word' id='word_1_91' title='bbox 2766 2207 2877 2292; x_wconf 89' lang='lat' dir='ltr'>qui</span> <span class='ocrx_word' id='word_1_92' title='bbox 2905 2206 3137 2272; x_wconf 87' lang='lat' dir='ltr'>dicitur</span> <span class='ocrx_word' id='word_1_93' title='bbox 3164 2206 3559 2274; x_wconf 87' lang='lat' dir='ltr'>Rochelstret</span> <span class='ocrx_word' id='word_1_94' title='bbox 3591 2248 3604 2260; x_wconf 93' lang='lat'><strong>·</strong></span> <span class='ocrx_word' id='word_1_95' title='bbox 3635 2210 3715 2275; x_wconf 91' lang='lat' dir='ltr'>de</span> 
     </span>
     <span class='ocr_line' id='line_1_12' title="bbox 936 2311 3714 2397; baseline 0.002 -23"><span class='ocrx_word' id='word_1_96' title='bbox 936 2311 1223 2378; x_wconf 89' lang='lat' dir='ltr'>omnibus</span> <span class='ocrx_word' id='word_1_97' title='bbox 1251 2311 1530 2378; x_wconf 79' lang='lat' dir='ltr'>terminis</span> <span class='ocrx_word' id='word_1_98' title='bbox 1557 2311 1878 2378; x_wconf 80' lang='lat' dir='ltr'>transactis</span> <span class='ocrx_word' id='word_1_99' title='bbox 1918 2335 2116 2397; x_wconf 89' lang='lat' dir='ltr'>usque</span> <span class='ocrx_word' id='word_1_100' title='bbox 2162 2311 2242 2378; x_wconf 87' lang='lat' dir='ltr'>ad</span> <span class='ocrx_word' id='word_1_101' title='bbox 2269 2311 2495 2377; x_wconf 88' lang='lat' dir='ltr'>festum</span> <span class='ocrx_word' id='word_1_102' title='bbox 2524 2313 2718 2379; x_wconf 88' lang='lat' dir='ltr'>Pasce</span> <span class='ocrx_word' id='word_1_103' title='bbox 2762 2337 2926 2378; x_wconf 90' lang='lat' dir='ltr'>anno</span> <span class='ocrx_word' id='word_1_104' title='bbox 2956 2313 3195 2378; x_wconf 87' lang='lat' dir='ltr'>domini</span> <span class='ocrx_word' id='word_1_105' title='bbox 3238 2314 3569 2380; x_wconf 88' lang='lat' dir='ltr'>millesimo</span> <span class='ocrx_word' id='word_1_106' title='bbox 3606 2340 3714 2381; x_wconf 86' lang='lat' dir='ltr'>ccc</span> 
     </span>
     <span class='ocr_line' id='line_1_13' title="bbox 937 2417 3721 2510; baseline -0 -24"><span class='ocrx_word' id='word_1_107' title='bbox 937 2421 1339 2510; x_wconf 87' lang='lat' dir='ltr'>nonagesimo</span> <span class='ocrx_word' id='word_1_108' title='bbox 1391 2433 1610 2507; x_wconf 87' lang='lat' dir='ltr'>quarto</span> <span class='ocrx_word' id='word_1_109' title='bbox 1643 2457 1656 2472; x_wconf 91' lang='lat'><strong>·</strong></span> <span class='ocrx_word' id='word_1_110' title='bbox 1691 2419 1862 2505; x_wconf 91' lang='lat' dir='ltr'>quod</span> <span class='ocrx_word' id='word_1_111' title='bbox 1894 2419 2151 2505; x_wconf 87' lang='lat' dir='ltr'>quidem</span> <span class='ocrx_word' id='word_1_112' title='bbox 2190 2430 2617 2484; x_wconf 83' lang='lat' dir='ltr'>tenementum</span> <span class='ocrx_word' id='word_1_113' title='bbox 2662 2418 2944 2485; x_wconf 86' lang='lat' dir='ltr'>continet</span> <span class='ocrx_word' id='word_1_114' title='bbox 2987 2417 3056 2483; x_wconf 91' lang='lat' dir='ltr'>in</span> <span class='ocrx_word' id='word_1_115' title='bbox 3082 2418 3478 2506; x_wconf 88' lang='lat' dir='ltr'>longitudine</span> <span class='ocrx_word' id='word_1_116' title='bbox 3529 2444 3566 2485; x_wconf 89' lang='lat' dir='ltr'>a</span> <span class='ocrx_word' id='word_1_117' title='bbox 3616 2421 3721 2486; x_wconf 81' lang='lat' dir='ltr'>via</span> 
     </span>
     <span class='ocr_line' id='line_1_14' title="bbox 867 2525 3713 2616; baseline 0 -24"><span class='ocrx_word' id='word_1_118' title='bbox 867 2585 874 2592; x_wconf 93' lang='lat'><strong><em>.</em></strong></span> <span class='ocrx_word' id='word_1_119' title='bbox 937 2528 1110 2616; x_wconf 90' lang='lat' dir='ltr'>regia</span> <span class='ocrx_word' id='word_1_120' title='bbox 1157 2551 1241 2594; x_wconf 84' lang='lat' dir='ltr'>ex</span> <span class='ocrx_word' id='word_1_121' title='bbox 1292 2540 1467 2616; x_wconf 83' lang='lat' dir='ltr'>parte</span> <span class='ocrx_word' id='word_1_122' title='bbox 1525 2527 1776 2593; x_wconf 80' lang='lat' dir='ltr'>australi</span> <span class='ocrx_word' id='word_1_123' title='bbox 1826 2526 2159 2612; x_wconf 79' lang='lat' dir='ltr'>quinquies</span> <span class='ocrx_word' id='word_1_124' title='bbox 2215 2525 2445 2614; x_wconf 87' lang='lat' dir='ltr'>viginti</span> <span class='ocrx_word' id='word_1_125' title='bbox 2486 2525 2677 2614; x_wconf 88' lang='lat' dir='ltr'>pedes</span> <span class='ocrx_word' id='word_1_126' title='bbox 2732 2550 2929 2612; x_wconf 90' lang='lat' dir='ltr'>usque</span> <span class='ocrx_word' id='word_1_127' title='bbox 2988 2527 3068 2592; x_wconf 87' lang='lat' dir='ltr'>ad</span> <span class='ocrx_word' id='word_1_128' title='bbox 3128 2541 3353 2592; x_wconf 77' lang='lat' dir='ltr'>terram</span> <span class='ocrx_word' id='word_1_129' title='bbox 3400 2527 3713 2613; x_wconf 84' lang='lat' dir='ltr'>quondam</span> 
     </span>
     <span class='ocr_line' id='line_1_15' title="bbox 935 2631 3713 2721; baseline -0.001 -20"><span class='ocrx_word' id='word_1_130' title='bbox 935 2634 1197 2701; x_wconf 89' lang='lat' dir='ltr'>Roberti</span> <span class='ocrx_word' id='word_1_131' title='bbox 1224 2633 1668 2700; x_wconf 80' lang='lat' dir='ltr'>Asshebourne</span> <span class='ocrx_word' id='word_1_132' title='bbox 1698 2657 1781 2698; x_wconf 86' lang='lat' dir='ltr'>ex</span> <span class='ocrx_word' id='word_1_133' title='bbox 1811 2645 1986 2721; x_wconf 83' lang='lat' dir='ltr'>parte</span> <span class='ocrx_word' id='word_1_134' title='bbox 2016 2631 2356 2720; x_wconf 80' lang='lat' dir='ltr'>aquilonali</span> <span class='ocrx_word' id='word_1_135' title='bbox 2388 2669 2401 2682; x_wconf 93' lang='lat'><strong>·</strong></span> <span class='ocrx_word' id='word_1_136' title='bbox 2432 2631 2502 2696; x_wconf 91' lang='lat' dir='ltr'>in</span> <span class='ocrx_word' id='word_1_137' title='bbox 2528 2631 2863 2700; x_wconf 88' lang='lat' dir='ltr'>latitudine</span> <span class='ocrx_word' id='word_1_138' title='bbox 2911 2656 3061 2698; x_wconf 88' lang='lat' dir='ltr'>vero</span> <span class='ocrx_word' id='word_1_139' title='bbox 3108 2632 3339 2721; x_wconf 90' lang='lat' dir='ltr'>viginti</span> <span class='ocrx_word' id='word_1_140' title='bbox 3378 2646 3441 2698; x_wconf 90' lang='lat' dir='ltr'>et</span> <span class='ocrx_word' id='word_1_141' title='bbox 3485 2657 3713 2698; x_wconf 86' lang='lat' dir='ltr'>novem</span> 
     </span>
     <span class='ocr_line' id='line_1_16' title="bbox 935 2739 3713 2831; baseline -0.001 -24"><span class='ocrx_word' id='word_1_142' title='bbox 935 2742 1124 2831; x_wconf 89' lang='lat' dir='ltr'>pedes</span> <span class='ocrx_word' id='word_1_143' title='bbox 1168 2768 1208 2808; x_wconf 85' lang='lat' dir='ltr'>a</span> <span class='ocrx_word' id='word_1_144' title='bbox 1249 2755 1412 2807; x_wconf 86' lang='lat' dir='ltr'>terra</span> <span class='ocrx_word' id='word_1_145' title='bbox 1451 2740 1712 2806; x_wconf 88' lang='lat' dir='ltr'>Roberti</span> <span class='ocrx_word' id='word_1_146' title='bbox 1749 2741 1828 2805; x_wconf 89' lang='lat' dir='ltr'>de</span> <span class='ocrx_word' id='word_1_147' title='bbox 1871 2740 2118 2828; x_wconf 82' lang='lat' dir='ltr'>Wylby</span> <span class='ocrx_word' id='word_1_148' title='bbox 2162 2764 2247 2804; x_wconf 84' lang='lat' dir='ltr'>ex</span> <span class='ocrx_word' id='word_1_149' title='bbox 2296 2752 2471 2827; x_wconf 88' lang='lat' dir='ltr'>parte</span> <span class='ocrx_word' id='word_1_150' title='bbox 2522 2740 2807 2806; x_wconf 81' lang='lat' dir='ltr'>orientali</span> <span class='ocrx_word' id='word_1_151' title='bbox 2852 2764 3049 2827; x_wconf 89' lang='lat' dir='ltr'>usque</span> <span class='ocrx_word' id='word_1_152' title='bbox 3095 2739 3175 2806; x_wconf 91' lang='lat' dir='ltr'>ad</span> <span class='ocrx_word' id='word_1_153' title='bbox 3223 2753 3451 2805; x_wconf 90' lang='lat' dir='ltr'>terram</span> <span class='ocrx_word' id='word_1_154' title='bbox 3480 2739 3713 2805; x_wconf 86' lang='lat' dir='ltr'>Prioris</span> 
     </span>
     <span class='ocr_line' id='line_1_17' title="bbox 939 2846 3713 2935; baseline -0.002 -20"><span class='ocrx_word' id='word_1_155' title='bbox 939 2849 1152 2916; x_wconf 87' lang='lat' dir='ltr'>Sancti</span> <span class='ocrx_word' id='word_1_156' title='bbox 1196 2846 1502 2915; x_wconf 67' lang='lat' dir='ltr'>«Iohannis</span> <span class='ocrx_word' id='word_1_157' title='bbox 1548 2871 1633 2913; x_wconf 83' lang='lat' dir='ltr'>ex</span> <span class='ocrx_word' id='word_1_158' title='bbox 1682 2860 1856 2935; x_wconf 89' lang='lat' dir='ltr'>parte</span> <span class='ocrx_word' id='word_1_159' title='bbox 1909 2846 2279 2913; x_wconf 84' lang='lat' dir='ltr'>occidentali</span> <span class='ocrx_word' id='word_1_160' title='bbox 2312 2885 2325 2898; x_wconf 94' lang='lat'><strong>·</strong></span> <span class='ocrx_word' id='word_1_161' title='bbox 2358 2848 2458 2913; x_wconf 88' lang='lat' dir='ltr'>Ita</span> <span class='ocrx_word' id='word_1_162' title='bbox 2505 2846 2677 2933; x_wconf 90' lang='lat' dir='ltr'>quod</span> <span class='ocrx_word' id='word_1_163' title='bbox 2721 2846 2988 2935; x_wconf 85' lang='lat' dir='ltr'>predicti</span> <span class='ocrx_word' id='word_1_164' title='bbox 3034 2846 3215 2912; x_wconf 90' lang='lat' dir='ltr'>Prior</span> <span class='ocrx_word' id='word_1_165' title='bbox 3260 2858 3325 2911; x_wconf 88' lang='lat' dir='ltr'>et</span> <span class='ocrx_word' id='word_1_166' title='bbox 3370 2858 3713 2910; x_wconf 83' lang='lat' dir='ltr'>conventus</span> 
     </span>
     <span class='ocr_line' id='line_1_18' title="bbox 937 2951 3716 3044; baseline -0.001 -25"><span class='ocrx_word' id='word_1_167' title='bbox 937 2956 1156 3020; x_wconf 89' lang='lat' dir='ltr'>domus</span> <span class='ocrx_word' id='word_1_168' title='bbox 1179 2954 1484 3021; x_wconf 90' lang='lat' dir='ltr'>Omnium</span> <span class='ocrx_word' id='word_1_169' title='bbox 1519 2954 1889 3022; x_wconf 89' lang='lat' dir='ltr'>Sanctorum</span> <span class='ocrx_word' id='word_1_170' title='bbox 1925 2968 1991 3021; x_wconf 89' lang='lat' dir='ltr'>et</span> <span class='ocrx_word' id='word_1_171' title='bbox 2017 2979 2395 3022; x_wconf 71' lang='lat' dir='ltr'>successores</span> <span class='ocrx_word' id='word_1_172' title='bbox 2431 2955 2529 3021; x_wconf 88' lang='lat' dir='ltr'>sni</span> <span class='ocrx_word' id='word_1_173' title='bbox 2558 2957 2639 3023; x_wconf 91' lang='lat' dir='ltr'>de</span> <span class='ocrx_word' id='word_1_174' title='bbox 2671 2956 2953 3044; x_wconf 87' lang='lat' dir='ltr'>predicto</span> <span class='ocrx_word' id='word_1_175' title='bbox 2983 2955 3258 3020; x_wconf 89' lang='lat' dir='ltr'>Roberto</span> <span class='ocrx_word' id='word_1_176' title='bbox 3286 2951 3623 3018; x_wconf 87' lang='lat' dir='ltr'>heredibus</span> <span class='ocrx_word' id='word_1_177' title='bbox 3651 2966 3716 3017; x_wconf 89' lang='lat' dir='ltr'>et</span> 
     </span>
     <span class='ocr_line' id='line_1_19' title="bbox 937 3058 3713 3150; baseline -0.002 -23"><span class='ocrx_word' id='word_1_178' title='bbox 937 3061 1256 3149; x_wconf 86' lang='lat' dir='ltr'>assignatis</span> <span class='ocrx_word' id='word_1_179' title='bbox 1283 3061 1410 3127; x_wconf 90' lang='lat' dir='ltr'>suis</span> <span class='ocrx_word' id='word_1_180' title='bbox 1438 3061 1519 3127; x_wconf 89' lang='lat' dir='ltr'>ad</span> <span class='ocrx_word' id='word_1_181' title='bbox 1541 3085 2074 3148; x_wconf 90' lang='lat' dir='ltr'>quorumcumque</span> <span class='ocrx_word' id='word_1_182' title='bbox 2103 3086 2324 3127; x_wconf 88' lang='lat' dir='ltr'>manus</span> <span class='ocrx_word' id='word_1_183' title='bbox 2354 3062 2678 3128; x_wconf 84' lang='lat' dir='ltr'>devenerit</span> <span class='ocrx_word' id='word_1_184' title='bbox 2700 3086 2737 3129; x_wconf 92' lang='lat' dir='ltr'>a</span> <span class='ocrx_word' id='word_1_185' title='bbox 2765 3061 3120 3150; x_wconf 84' lang='lat' dir='ltr'>supradicto</span> <span class='ocrx_word' id='word_1_186' title='bbox 3143 3061 3336 3126; x_wconf 86' lang='lat' dir='ltr'>Pasce</span> <span class='ocrx_word' id='word_1_187' title='bbox 3364 3058 3520 3125; x_wconf 87' lang='lat' dir='ltr'>festo</span> <span class='ocrx_word' id='word_1_188' title='bbox 3550 3082 3713 3124; x_wconf 89' lang='lat' dir='ltr'>anno</span> 
     </span>
     <span class='ocr_line' id='line_1_20' title="bbox 935 3166 3714 3257; baseline -0.003 -23"><span class='ocrx_word' id='word_1_189' title='bbox 935 3170 1286 3257; x_wconf 86' lang='lat' dir='ltr'>supradicto</span> <span class='ocrx_word' id='word_1_190' title='bbox 1316 3183 1581 3256; x_wconf 81' lang='lat' dir='ltr'>quatuor</span> <span class='ocrx_word' id='word_1_191' title='bbox 1625 3170 1854 3236; x_wconf 90' lang='lat' dir='ltr'>solidos</span> <span class='ocrx_word' id='word_1_192' title='bbox 1900 3168 2141 3257; x_wconf 87' lang='lat' dir='ltr'>argenti</span> <span class='ocrx_word' id='word_1_193' title='bbox 2172 3170 2252 3235; x_wconf 88' lang='lat' dir='ltr'>ad</span> <span class='ocrx_word' id='word_1_194' title='bbox 2281 3168 2437 3235; x_wconf 91' lang='lat' dir='ltr'>duos</span> <span class='ocrx_word' id='word_1_195' title='bbox 2480 3168 2628 3235; x_wconf 88' lang='lat' dir='ltr'>anni</span> <span class='ocrx_word' id='word_1_196' title='bbox 2656 3168 2955 3235; x_wconf 86' lang='lat' dir='ltr'>terminos</span> <span class='ocrx_word' id='word_1_197' title='bbox 2982 3166 3061 3233; x_wconf 89' lang='lat' dir='ltr'>de</span> <span class='ocrx_word' id='word_1_198' title='bbox 3106 3166 3327 3233; x_wconf 85' lang='lat' dir='ltr'>eodem</span> <span class='ocrx_word' id='word_1_199' title='bbox 3356 3177 3714 3230; x_wconf 85' lang='lat' dir='ltr'>tenemento</span> 
     </span>
     <span class='ocr_line' id='line_1_21' title="bbox 936 3271 3714 3365; baseline -0.002 -24"><span class='ocrx_word' id='word_1_200' title='bbox 936 3276 1254 3342; x_wconf 87' lang='lat' dir='ltr'>annuatim</span> <span class='ocrx_word' id='word_1_201' title='bbox 1283 3276 1631 3365; x_wconf 87' lang='lat' dir='ltr'>percipiant</span> <span class='ocrx_word' id='word_1_202' title='bbox 1651 3276 1720 3341; x_wconf 91' lang='lat' dir='ltr'>in</span> <span class='ocrx_word' id='word_1_203' title='bbox 1749 3290 2122 3364; x_wconf 90' lang='lat' dir='ltr'>perpetuum</span> <span class='ocrx_word' id='word_1_204' title='bbox 2149 3315 2162 3327; x_wconf 93' lang='lat'><strong>·</strong></span> <span class='ocrx_word' id='word_1_205' title='bbox 2188 3276 2587 3341; x_wconf 89' lang='lat' dir='ltr'>medietatem</span> <span class='ocrx_word' id='word_1_206' title='bbox 2616 3274 2915 3341; x_wconf 86' lang='lat' dir='ltr'>videlicet</span> <span class='ocrx_word' id='word_1_207' title='bbox 2940 3274 3009 3337; x_wconf 92' lang='lat' dir='ltr'>in</span> <span class='ocrx_word' id='word_1_208' title='bbox 3038 3271 3210 3338; x_wconf 91' lang='lat' dir='ltr'>omni</span> <span class='ocrx_word' id='word_1_209' title='bbox 3239 3273 3397 3337; x_wconf 88' lang='lat' dir='ltr'>festo</span> <span class='ocrx_word' id='word_1_210' title='bbox 3425 3271 3619 3336; x_wconf 86' lang='lat' dir='ltr'>Pasce</span> <span class='ocrx_word' id='word_1_211' title='bbox 3648 3284 3714 3335; x_wconf 86' lang='lat' dir='ltr'>et</span> 
     </span>
     <span class='ocr_line' id='line_1_22' title="bbox 937 3376 3716 3467; baseline -0.002 -20"><span class='ocrx_word' id='word_1_212' title='bbox 937 3382 1121 3447; x_wconf 91' lang='lat' dir='ltr'>aliam</span> <span class='ocrx_word' id='word_1_213' title='bbox 1149 3381 1547 3449; x_wconf 83' lang='lat' dir='ltr'>medietatem</span> <span class='ocrx_word' id='word_1_214' title='bbox 1585 3382 1652 3447; x_wconf 92' lang='lat' dir='ltr'>in</span> <span class='ocrx_word' id='word_1_215' title='bbox 1683 3382 1855 3447; x_wconf 88' lang='lat' dir='ltr'>omni</span> <span class='ocrx_word' id='word_1_216' title='bbox 1893 3382 2049 3448; x_wconf 85' lang='lat' dir='ltr'>festo</span> <span class='ocrx_word' id='word_1_217' title='bbox 2084 3381 2299 3448; x_wconf 82' lang='lat' dir='ltr'>Sancti</span> <span class='ocrx_word' id='word_1_218' title='bbox 2328 3379 2660 3447; x_wconf 89' lang='lat' dir='ltr'>Michaelis</span> <span class='ocrx_word' id='word_1_219' title='bbox 2694 3418 2706 3431; x_wconf 90' lang='lat'><strong>·</strong></span> <span class='ocrx_word' id='word_1_220' title='bbox 2739 3380 2827 3444; x_wconf 89' lang='lat' dir='ltr'>Et</span> <span class='ocrx_word' id='word_1_221' title='bbox 2864 3379 3051 3445; x_wconf 89' lang='lat' dir='ltr'>liceat</span> <span class='ocrx_word' id='word_1_222' title='bbox 3082 3376 3377 3467; x_wconf 88' lang='lat' dir='ltr'>predictis</span> <span class='ocrx_word' id='word_1_223' title='bbox 3408 3376 3611 3441; x_wconf 93' lang='lat' dir='ltr'>Priori</span> <span class='ocrx_word' id='word_1_224' title='bbox 3651 3390 3716 3441; x_wconf 90' lang='lat' dir='ltr'>et</span> 
     </span>
     <span class='ocr_line' id='line_1_23' title="bbox 939 3484 3713 3572; baseline -0.001 -22"><span class='ocrx_word' id='word_1_225' title='bbox 939 3487 1278 3552; x_wconf 84' lang='lat' dir='ltr'>conventui</span> <span class='ocrx_word' id='word_1_226' title='bbox 1315 3499 1380 3552; x_wconf 92' lang='lat' dir='ltr'>et</span> <span class='ocrx_word' id='word_1_227' title='bbox 1417 3486 1866 3552; x_wconf 86' lang='lat' dir='ltr'>successoribus</span> <span class='ocrx_word' id='word_1_228' title='bbox 1912 3484 2037 3551; x_wconf 88' lang='lat' dir='ltr'>suis</span> <span class='ocrx_word' id='word_1_229' title='bbox 2082 3484 2438 3572; x_wconf 88' lang='lat' dir='ltr'>predictum</span> <span class='ocrx_word' id='word_1_230' title='bbox 2484 3498 2911 3551; x_wconf 84' lang='lat' dir='ltr'>tenementum</span> <span class='ocrx_word' id='word_1_231' title='bbox 2965 3508 3050 3549; x_wconf 84' lang='lat' dir='ltr'>ex</span> <span class='ocrx_word' id='word_1_232' title='bbox 3098 3506 3491 3569; x_wconf 85' lang='lat' dir='ltr'>quacumque</span> <span class='ocrx_word' id='word_1_233' title='bbox 3536 3496 3713 3569; x_wconf 85' lang='lat' dir='ltr'>parte</span> 
     </span>
     <span class='ocr_line' id='line_1_24' title="bbox 936 3587 3714 3680; baseline -0.001 -23"><span class='ocrx_word' id='word_1_234' title='bbox 936 3592 1249 3658; x_wconf 85' lang='lat' dir='ltr'>voluerint</span> <span class='ocrx_word' id='word_1_235' title='bbox 1275 3616 1389 3679; x_wconf 90' lang='lat' dir='ltr'>pro</span> <span class='ocrx_word' id='word_1_236' title='bbox 1418 3592 1698 3680; x_wconf 87' lang='lat' dir='ltr'>predicto</span> <span class='ocrx_word' id='word_1_237' title='bbox 1725 3590 1977 3657; x_wconf 86' lang='lat' dir='ltr'>redditu</span> <span class='ocrx_word' id='word_1_238' title='bbox 2007 3590 2303 3677; x_wconf 90' lang='lat' dir='ltr'>quociens</span> <span class='ocrx_word' id='word_1_239' title='bbox 2332 3616 2369 3657; x_wconf 90' lang='lat' dir='ltr'>a</span> <span class='ocrx_word' id='word_1_240' title='bbox 2396 3604 2560 3657; x_wconf 87' lang='lat' dir='ltr'>retro</span> <span class='ocrx_word' id='word_1_241' title='bbox 2589 3589 2778 3657; x_wconf 83' lang='lat' dir='ltr'>fuerit</span> <span class='ocrx_word' id='word_1_242' title='bbox 2807 3589 3178 3678; x_wconf 85' lang='lat' dir='ltr'>distringere</span> <span class='ocrx_word' id='word_1_243' title='bbox 3206 3603 3272 3655; x_wconf 85' lang='lat' dir='ltr'>et</span> <span class='ocrx_word' id='word_1_244' title='bbox 3300 3587 3714 3653; x_wconf 85' lang='lat' dir='ltr'>districtiones</span> 
     </span>
     <span class='ocr_line' id='line_1_25' title="bbox 935 3693 3712 3785; baseline -0.002 -22"><span class='ocrx_word' id='word_1_245' title='bbox 935 3722 1132 3785; x_wconf 88' lang='lat' dir='ltr'>usque</span> <span class='ocrx_word' id='word_1_246' title='bbox 1164 3696 1242 3764; x_wconf 87' lang='lat' dir='ltr'>ad</span> <span class='ocrx_word' id='word_1_247' title='bbox 1269 3698 1610 3785; x_wconf 89' lang='lat' dir='ltr'>plenariam</span> <span class='ocrx_word' id='word_1_248' title='bbox 1640 3696 1796 3763; x_wconf 88' lang='lat' dir='ltr'>dicti</span> <span class='ocrx_word' id='word_1_249' title='bbox 1824 3696 2104 3763; x_wconf 88' lang='lat' dir='ltr'>redditus</span> <span class='ocrx_word' id='word_1_250' title='bbox 2150 3697 2531 3764; x_wconf 88' lang='lat' dir='ltr'>solucionem</span> <span class='ocrx_word' id='word_1_251' title='bbox 2576 3696 2861 3762; x_wconf 88' lang='lat' dir='ltr'>retinere.</span> <span class='ocrx_word' id='word_1_252' title='bbox 2950 3696 3029 3761; x_wconf 90' lang='lat' dir='ltr'>In</span> <span class='ocrx_word' id='word_1_253' title='bbox 3075 3695 3254 3782; x_wconf 86' lang='lat' dir='ltr'>cujus</span> <span class='ocrx_word' id='word_1_254' title='bbox 3298 3693 3389 3761; x_wconf 91' lang='lat' dir='ltr'>rei</span> <span class='ocrx_word' id='word_1_255' title='bbox 3436 3693 3712 3759; x_wconf 85' lang='lat' dir='ltr'>testimo-</span> 
     </span>
     <span class='ocr_line' id='line_1_26' title="bbox 936 3800 3712 3890; baseline -0.001 -23"><span class='ocrx_word' id='word_1_256' title='bbox 936 3802 1112 3868; x_wconf 90' lang='lat' dir='ltr'>nium</span> <span class='ocrx_word' id='word_1_257' title='bbox 1141 3802 1291 3867; x_wconf 88' lang='lat' dir='ltr'>huic</span> <span class='ocrx_word' id='word_1_258' title='bbox 1321 3800 1660 3866; x_wconf 88' lang='lat' dir='ltr'>dividende</span> <span class='ocrx_word' id='word_1_259' title='bbox 1699 3800 1904 3887; x_wconf 86' lang='lat' dir='ltr'>sigilla</span> <span class='ocrx_word' id='word_1_260' title='bbox 1931 3800 2215 3888; x_wconf 88' lang='lat' dir='ltr'>parcium</span> <span class='ocrx_word' id='word_1_261' title='bbox 2252 3801 2601 3869; x_wconf 82' lang='lat' dir='ltr'>alternatim</span> <span class='ocrx_word' id='word_1_262' title='bbox 2642 3815 2786 3867; x_wconf 90' lang='lat' dir='ltr'>sunt</span> <span class='ocrx_word' id='word_1_263' title='bbox 2824 3824 3111 3890; x_wconf 87' lang='lat' dir='ltr'>appensa.</span> <span class='ocrx_word' id='word_1_264' title='bbox 3201 3802 3439 3867; x_wconf 86' lang='lat' dir='ltr'>Datum</span> <span class='ocrx_word' id='word_1_265' title='bbox 3469 3800 3712 3867; x_wconf 92' lang='lat' dir='ltr'>Dublin</span> 
     </span>
     <span class='ocr_line' id='line_1_27' title="bbox 937 3906 2067 3998; baseline -0.002 -25"><span class='ocrx_word' id='word_1_266' title='bbox 937 3910 1004 3973; x_wconf 89' lang='lat' dir='ltr'>in</span> <span class='ocrx_word' id='word_1_267' title='bbox 1033 3908 1252 3998; x_wconf 77' lang='lat' dir='ltr'>vigilio</span> <span class='ocrx_word' id='word_1_268' title='bbox 1282 3908 1474 3974; x_wconf 84' lang='lat' dir='ltr'>Pasce</span> <span class='ocrx_word' id='word_1_269' title='bbox 1505 3930 1666 3973; x_wconf 86' lang='lat' dir='ltr'>anno</span> <span class='ocrx_word' id='word_1_270' title='bbox 1695 3906 2067 3997; x_wconf 80' lang='lat' dir='ltr'>supradicto,</span> 
     </span>
    </p>
   </div>
   <div class='ocr_carea' id='block_1_5' title="bbox 3296 4560 3701 4627">
    <p class='ocr_par' dir='ltr' id='par_1_5' title="bbox 3296 4560 3701 4627">
     <span class='ocr_line' id='line_1_28' title="bbox 3296 4560 3701 4627; baseline -0.002 0"><span class='ocrx_word' id='word_1_271' title='bbox 3296 4560 3701 4627; x_wconf 89' lang='lat' dir='ltr'>XXXVIII.</span> 
     </span>
    </p>
   </div>
   <div class='ocr_carea' id='block_1_6' title="bbox 4288 2019 4291 2643">
    <p class='ocr_par' dir='ltr' id='par_1_6' title="bbox 4288 2019 4291 2643">
     <span class='ocr_line' id='line_1_29' title="bbox 4288 2019 4291 2643; baseline 0 0"><span class='ocrx_word' id='word_1_272' title='bbox 4288 2019 4291 2643; x_wconf 95' lang='lat' dir='ltr'> </span> 
     </span>
    </p>
   </div>
  </div>
 </body>
</html>
