4295 5410
2260 640 2353 733 96

916 823 1084 889 cives
1113 824 1390 912 sigillum
1418 846 1601 888 suum
1631 844 1960 887 commune
1991 834 2433 908 apposuerunt.
2464 819 2703 887 Datum
2724 820 2895 907 apud
2913 819 3160 884 Dublin
3182 819 3481 885 vicesimo
3501 821 3704 909 primo

920 929 1024 995 die
1051 931 1096 996 J
1096 931 1212 996 ulii
1243 955 1405 997 anno
1433 929 1613 1018 regni
1643 928 1890 1015 Regino
1919 940 2126 993 nostre
2150 928 2486 994 Elizabeth
2514 927 2828 993 tricesimo
2870 938 3089 1011 quarto
3138 948 3426 1010 annoque
3466 925 3709 992 domini

917 1035 1247 1102 millesimo
1276 1032 1780 1123 quingentesimo
1809 1032 2213 1120 nonagesimo
2244 1032 2537 1098 secund0.

2200 1375 2415 1448 VIII.

1539 1558 1682 1660 [QEJc
1716 1560 1908 1635 ssot:
1943 1560 2082 1654 251:
2127 1584 2192 1632 2.
2247 1563 2437 1636 Quin.
2482 1563 2588 1635 Η.
2641 1560 2942 1648 §nemin
2996 1558 3147 1659 42.]

1060 1744 1357 1809 Ohannes
1395 1742 1475 1808 de
1516 1742 1800 1808 Hothom
1841 1755 1906 1807 et
1935 1742 2243 1810 Robertus
2284 1744 2363 1810 de
2391 1745 2709 1810 Astetoun
2748 1744 2860 1831 qui
2902 1744 3181 1810 tulerunt
3217 1746 3339 1812 tria
3371 1746 3587 1811 brevia
3624 1745 3704 1813 de

1101 1850 1416 1939 plegiariis
1447 1849 1651 1915 averie
1680 1872 1893 1915 versus
1922 1848 2207 1916 Priorem
2238 1850 2545 1917 Omnium
2579 1850 2951 1917 Sanctorum
2976 1851 3169 1936 juxta
3198 1851 3443 1918 Dublin
3472 1867 3536 1917 et
3563 1877 3703 1941 pre-

923 1957 1126 2025 dictus
1155 1958 1337 2023 Prior
1363 1956 1650 2023 similiter
1665 1956 1846 2022 venit
1865 1970 1930 2023 et
1957 1956 2118 2044 petit
2145 1956 2474 2024 licenciam
2505 1958 2925 2025 concordandi
2946 1972 3011 2024 et
3030 1959 3200 2025 hunc
3229 1960 3311 2025 ad
3336 1960 3705 2027 instanciam

920 2064 1189 2153 predicti
1215 2064 1260 2129 J
1261 2063 1522 2129 ohannis
1552 2063 1630 2128 de
1661 2062 1948 2128 Hothom
1987 2077 2051 2129 et
2084 2077 2307 2131 cetera.
2396 2065 2486 2130 Et
2512 2078 2607 2131 est
2643 2065 2974 2131 concordia
3011 2066 3152 2132 talis
3192 2067 3363 2153 quod
3390 2067 3707 2155 predictus

919 2172 1102 2238 Prior
1130 2170 1428 2259 cognovit
1455 2194 1520 2235 se
1548 2169 1851 2257 recepisse
1882 2169 1962 2237 de
1990 2170 2288 2257 predictis
2315 2172 2360 2237 J
2362 2172 2609 2238 ohanne
2649 2186 2715 2239 et
2742 2173 3020 2239 Roberto
3059 2186 3261 2239 totum
3291 2175 3607 2241 redditum
3634 2177 3705 2242 in

921 2301 1047 2365 quo
1086 2278 1204 2345 sibi
1243 2291 1308 2343 et
1344 2276 1562 2342 domui
1605 2300 1715 2341 sue
1759 2298 1956 2361 usque
1994 2274 2076 2340 ad
2102 2274 2331 2341 festum
2375 2276 2614 2343 Pasche
2652 2276 2945 2363 proximo
2988 2276 3270 2343 futurum
3312 2281 3703 2346 tenebantur.

921 2389 1010 2452 Et
1047 2385 1313 2475 predicti
1339 2385 1384 2450 J
1385 2383 1660 2449 ohannes
1697 2394 1763 2447 et
1791 2380 2102 2447 Robertus
2145 2394 2579 2468 cognoverunt
2616 2404 2681 2445 se
2724 2380 2984 2446 reddere
3027 2405 3139 2469 per
3168 2406 3403 2448 annum
3441 2385 3522 2450 ad.
3548 2385 3705 2451 duos

919 2493 1216 2558 terminos
1245 2490 1394 2556 anni
1425 2502 1564 2555 octo
1593 2488 1782 2555 libras
1810 2502 1875 2555 et
1904 2500 2043 2554 octo
2073 2488 2301 2553 solidos
2330 2488 2611 2577 predicto
2632 2487 2838 2553 Priori
2867 2501 2933 2554 et
2960 2489 3409 2555 successoribus
3438 2491 3563 2557 suis
3592 2492 3707 2557 do-

921 2621 1059 2661 mus
1088 2619 1197 2661 sue
1225 2593 1505 2683 predicte
1534 2617 1648 2681 pro
1676 2592 2046 2659 tenementis
2076 2616 2200 2678 que
2229 2592 2423 2657 iidem
2450 2592 2495 2657 J
2496 2590 2771 2657 ohannes
2815 2604 2880 2657 et
2908 2591 3221 2658 Robertus
3259 2606 3595 2661 tenuerunt
3623 2597 3702 2663 de

920 2702 1204 2792 predicto
1232 2700 1513 2790 prioratu
1549 2699 1620 2766 in
1651 2697 1930 2787 Kyltork
1957 2713 2022 2764 et
2051 2697 2271 2765 Belese
2304 2697 2466 2782 [Coz
2510 2696 2785 2783 Dublin]
2835 2698 3096 2764 durante
3132 2700 3399 2766 termino
3428 2701 3703 2790 ipsorum

921 2810 966 2875 J
968 2808 1230 2875 ohannis
1276 2820 1341 2872 et
1377 2806 1639 2872 Roberti
1677 2818 1971 2872 contento
2009 2805 2080 2870 in
2117 2807 2391 2892 quodam
2437 2805 2668 2892 scripto
2710 2805 2874 2870 inter
2921 2806 3273 2893 predictum
3317 2808 3598 2874 Priorem
3640 2822 3705 2874 et

922 2929 1305 2980 conventum
1349 2935 1532 2978 suum
1571 2924 1637 2978 et
1662 2911 1706 2976 J
1709 2911 2020 2977 ohannem
2053 2910 2112 2976 le
2152 2909 2505 2976 Mareschal
2533 2909 2611 2974 de
2646 2909 2943 2996 predictis
2988 2911 3358 2977 tenementis
3404 2912 3703 2980 confect0.

923 3021 1014 3086 Et
1042 3044 1157 3108 pro
1185 3020 1305 3086 hac
1349 3019 1777 3108 recognitione
1819 3018 2136 3106 predictus
2180 3018 2363 3084 Prior
2405 3017 2709 3084 concessit
2745 3041 2857 3106 pro
2888 3042 2951 3084 se
2980 3031 3046 3084 et
3086 3020 3538 3087 successoribus
3580 3022 3707 3087 suis

923 3127 1095 3214 quod
1124 3126 1386 3192 durante
1421 3125 1690 3192 termino
1726 3125 2152 3212 predictorum
2180 3125 2223 3191 J
2224 3124 2489 3191 ohannis
2518 3137 2584 3190 et
2613 3124 2875 3190 Roberti
2905 3124 2983 3191 de
3012 3125 3384 3192 tenementis
3411 3127 3707 3214 predictis

921 3257 1052 3298 non
1091 3231 1310 3319 exiget
1347 3230 1646 3315 majorem
1697 3213 2038 3293 redditum·
2059 3228 2140 3293 de
2180 3227 2479 3315 predictis
2522 3226 2894 3294 tenementis
2939 3227 3060 3293 nisi
3105 3242 3352 3296 tantum
3398 3230 3707 3318 predictas

926 3353 1066 3406 octo
1094 3337 1284 3404 libras
1312 3349 1377 3404 et
1407 3348 1547 3404 octo
1577 3333 1806 3399 solidos
1836 3344 1900 3398 et
1926 3343 2149 3398 cetera.

2247 3629 2385 3702 IX.

1508 3815 1650 3922 [OEx
1684 3816 1872 3891 fflot:
1906 3812 2048 3908 231:
2096 3839 2122 3886 1
2147 3839 2203 3887 1.
2239 3816 2429 3890 Quin.
2466 3815 2574 3889 Η.
2608 3814 2914 3901 ffltmhz
2953 3813 3100 3914 79.]

1093 4003 1250 4068 Rior
1284 3999 1541 4067 ecclesie
1579 3997 1886 4065 Omnium
1933 3996 2305 4063 Sanctorum
2338 3997 2533 4084 juxta
2571 3996 2819 4064 Dublin
2860 3999 3021 4086 petit
3047 4022 3261 4065 versus
3284 3999 3597 4067 Thomam
3626 4001 3707 4069 de

1145 4108 1478 4176 Cromhale
1518 4121 1582 4174 et
1615 4106 1895 4173 Aliciam
1943 4129 2212 4172 uxorem
2255 4107 2389 4192 ejus
2436 4131 2636 4172 unum
2681 4106 3073 4194 mesuagium
3118 4119 3183 4172 et
3224 4119 3347 4173 tres
3393 4123 3711 4176 carucatas

925 4209 1086 4283 terre
1115 4239 1261 4283 cum
1289 4213 1690 4302 pertinenciis
1717 4213 1787 4278 in
1817 4213 2169 4280 Kildronan
2200 4212 2361 4296 [Coz
2394 4213 2639 4303 Kyldar
2654 4219 2705 4301 :]
2750 4237 2872 4300 que
2913 4213 3139 4279 clamat
3166 4237 3296 4280 esse
3316 4215 3423 4300 jus
3451 4216 3711 4284 ecclesie

925 4346 1034 4388 sue
1063 4319 1342 4410 predicte
1371 4331 1436 4386 et
1461 4319 1530 4384 in
1560 4343 1683 4406 que
1707 4319 1904 4386 iidem
1934 4321 2213 4387 Thomas
2252 4334 2317 4388 et
2344 4321 2559 4388 Alicia
2595 4346 2724 4388 non
2766 4322 3003 4388 habent
3040 4321 3383 4410 ingressum
3420 4324 3541 4389 nisi
3571 4339 3713 4414 post

925 4427 1309 4495 disseisinam
1338 4450 1528 4513 quam
1557 4425 1904 4494 Mauricius
1931 4428 2099 4495 filius
2117 4429 2378 4496 Geraldi
2408 4430 2557 4496 inde
2580 4429 2811 4516 injuste
2841 4442 2906 4495 et
2936 4427 3069 4494 sine
3086 4427 3333 4515 judicio
3361 4428 3511 4496 fecit
3538 4427 3713 4495 fratri

3495 4530 3708 4601 David
