4295 5410
1955 666 2039 737 15

589 821 880 888 ,Iohanne
903 822 983 888 de
1013 835 1224 888 sancto
1245 824 1289 889 J
1289 823 1538 890 ohanne
1567 835 1630 889 et
1659 823 1813 889 aliis.
1875 823 2112 890 Datum
2141 845 2255 911 per
2281 843 2537 887 manum
2564 834 2838 886 nostram
2867 817 3036 906 apud
3056 815 3372 880 Westmo·

591 929 928 995 nasterium
960 929 1424 1016 quartodecimo
1455 928 1557 994 die
1582 928 1907 996 Februarii
1937 953 2100 994 anno
2129 929 2309 1016 regni
2338 926 2531 991 nostri
2562 925 2807 992 decimo
2836 936 3075 990 octavo,

720 1033 1123 1123 Inspeximus
1151 1033 1350 1100 eciam
1388 1031 1687 1121 scriptum
1717 1031 2028 1098 Willelmi
2066 1029 2418 1097 Marescalli
2459 1027 2703 1095 comitis
2742 1024 3073 1092 Penbroch
3105 1062 3117 1075 ·
3148 1023 3217 1086 in
3254 1020 3373 1086 hec

592 1139 800 1203 verba.
892 1137 1204 1204 Omnibus
1240 1150 1449 1203 sancte
1487 1135 1700 1201 matris
1737 1134 1994 1202 ecclesie
2021 1134 2169 1199 filiis
2206 1133 2286 1200 ad
2325 1157 2479 1220 quos
2518 1144 2829 1220 presentes
2857 1130 3035 1196 litere
3073 1149 3371 1216 pervene-

592 1243 720 1308 rint
751 1281 764 1296 ·
795 1242 1156 1309 Willelmus
1199 1241 1602 1308 Marescallus
1660 1265 1866 1307 comes
1916 1240 2247 1306 Penbroch
2298 1253 2575 1306 eternam
2632 1238 2701 1302 in
2756 1236 3033 1302 Domino
3090 1234 3368 1298 salutem.

595 1348 861 1415 Noverit
887 1349 1256 1415 universitas
1284 1363 1488 1415 vestra
1523 1373 1635 1414 nos
1664 1349 1878 1414 divine
1907 1348 2178 1416 caritatis
2206 1348 2443 1414 intuitu
2472 1361 2536 1413 et
2563 1370 2677 1435 pro
2706 1344 2901 1411 salute
2932 1342 3136 1408 anime
3166 1354 3371 1405 nostre

595 1477 660 1526 et
680 1484 794 1548 pro
817 1461 1026 1526 anima
1041 1460 1352 1527 Willelmi
1378 1460 1606 1526 Siwird
1624 1474 1688 1526 et
1704 1460 1986 1526 omnium
2015 1475 2469 1528 antecessorum
2500 1473 2849 1526 nostrorum
2872 1457 3113 1523 dedisse
3140 1494 3151 1506 ·
3178 1478 3372 1541 quan-

593 1581 729 1631 tum
759 1568 839 1632 ad
861 1582 1192 1655 patronum
1221 1569 1492 1656 pertinet
1520 1569 1724 1634 Priori
1747 1583 1812 1635 et
1831 1570 2144 1636 canonicis
2183 1570 2440 1636 ecclesie
2464 1568 2771 1633 Omnium
2798 1565 3167 1632 Sanctorum
3181 1563 3372 1650 juxta

595 1672 840 1739 Dublin
869 1674 1212 1740 Ecclesiam
1238 1674 1315 1740 de
1335 1675 1796 1742 Rathmacneht
1823 1701 1968 1742 cum
2005 1677 2132 1742 suis
2161 1675 2560 1765 pertinenciis
2586 1714 2599 1727 ·
2624 1675 2703 1740 de
2751 1696 2999 1739 assensu
3042 1684 3106 1736 et
3147 1668 3370 1734 volun-

595 1793 722 1846 tate
751 1779 992 1846 domini
1021 1781 1350 1846 Fernensis
1379 1781 1654 1870 episcopi
1689 1821 1700 1833 ·
1731 1783 1926 1848 libere
1955 1795 2020 1849 et
2047 1783 2259 1870 quiete
2287 1783 2355 1849 in
2384 1781 2664 1872 proprios
2708 1803 2857 1846 usus
2884 1779 2952 1844 in
2981 1794 3371 1866 perpetuum.

600 1887 698 1951 Ita
725 1886 980 1972 quidem
1011 1887 1182 1973 quod
1209 1900 1351 1975 post
1369 1887 1687 1954 decessum
1706 1889 1938 1978 Roget-i
1961 1889 2038 1955 de
2062 1889 2458 1955 Penbrochia
2484 1887 2737 1954 rectoris
2766 1885 2821 1972 ej
2830 1885 3045 1951 usdem
3076 1883 3333 1950 ecclesie
3360 1920 3371 1932 ·

598 1991 792 2058 libere
821 1991 954 2058 sine
985 1991 1246 2078 alicujus
1275 1991 1762 2058 contradictione
1785 2031 1797 2043 ·
1819 1992 1972 2058 dicti
1987 1993 2171 2058 Prior
2191 2005 2255 2059 et
2283 1989 2569 2059 canonici
2590 1991 2660 2054 in
2690 1989 2909 2056 eadem
2938 1986 3197 2054 ecclesia
3223 2009 3371 2051 cum

601 2098 726 2162 suis
753 2097 1152 2185 pertinenciis
1180 2098 1447 2163 liberum
1476 2097 1746 2163 habeant
1771 2097 2134 2187 ingressum.
2222 2099 2317 2165 Ut
2341 2098 2460 2163 hec
2490 2110 2697 2162 nostra
2725 2093 2986 2161 donacio
3024 2106 3089 2160 et
3125 2115 3376 2159 conces-

599 2202 691 2267 sio
721 2201 899 2266 firma
943 2213 1008 2267 et
1045 2201 1282 2266 stabilis
1326 2201 1642 2289 perpetuis
1685 2202 2068 2290 temporibus
2113 2214 2468 2291 perseveret
2498 2239 2511 2252 ·
2543 2223 2792 2290 presens
2836 2197 3137 2287 scriptum
3184 2197 3375 2286 sigilli

605 2309 796 2373 nostri
826 2307 1174 2374 munimine
1201 2307 1646 2374 roboravimus.

731 2412 1132 2501 Inspeximus
1159 2413 1416 2500 insuper
1443 2412 1650 2478 literas
1679 2413 1824 2479 Ade
1853 2413 2127 2502 episcopi
2152 2413 2481 2480 Fernensis
2502 2414 2570 2478 in
2593 2413 2711 2479 hec
2740 2413 2949 2478 verba.
2993 2411 3205 2476 Adam
3235 2432 3374 2498 per-

603 2519 894 2585 missione
929 2518 1146 2584 divina
1189 2518 1514 2607 episcopus
1555 2517 1882 2585 Fernensis
1927 2520 2233 2608 religiosis
2281 2520 2433 2586 viris
2462 2519 2667 2586 Priori
2706 2532 2771 2584 et
2810 2517 3125 2584 canonicis
3154 2516 3376 2580 domus

605 2627 910 2694 Omnium
943 2626 1312 2692 Sanctorum
1344 2627 1536 2714 juxta
1565 2627 1808 2694 Dublin
1853 2628 2115 2694 salutem
2160 2629 2437 2719 graciam
2472 2641 2537 2694 et
2563 2625 3112 2693 benedictionem·
3150 2622 3375 2688 Sancte

603 2733 924 2824 religionis
968 2734 1302 2823 puritatem
1348 2736 1580 2824 pariter
1624 2749 1688 2803 et
1733 2738 2020 2804 decorem
2066 2738 2177 2825 qui
2226 2739 2295 2803 in
2344 2751 2549 2804 vestro
2593 2736 2868 2826 prioratu
2915 2734 3127 2800 sedule
3166 2730 3379 2819 vigere

603 2840 946 2907 dinoscitur
973 2854 1412 2928 propensantes
1456 2840 1683 2907 affectu
1716 2878 1730 2892 ·
1760 2864 2005 2907 necnon
2033 2855 2098 2907 et
2126 2842 2367 2908 cultum
2391 2840 2678 2907 divinum
2720 2838 2921 2905 modis
2951 2838 3176 2925 quibus
3206 2848 3383 2924 pote-

606 2945 802 3010 rimus
851 2942 1060 3032 gracia
1097 2943 1362 3031 desuper
1410 2942 1590 3009 nobis
1629 2942 1878 3011 favente
1925 2960 2327 3033 augmentare
2366 2959 2431 3011 et
2472 2970 2831 3013 conservare
2884 2958 3090 3011 mente
3142 2942 3382 3008 solicita

607 3050 930 3137 cupientes
951 3086 964 3100 ·
985 3048 1330 3114 Ecclesiam
1341 3048 1420 3114 de
1441 3048 1899 3115 Rathmacneht
1917 3064 2122 3116 nostre
2139 3052 2453 3117 dioceseos
2476 3076 2663 3138 quam
2682 3076 2766 3117 ex
2780 3048 3122 3116 donacione
3150 3045 3379 3113 nobilis

609 3157 732 3221 viri
757 3154 1070 3221 willelmi
1111 3155 1352 3221 dudum
1397 3156 1640 3222 comitis
1683 3156 2020 3225 Mariscalli
2065 3172 2251 3245 atque
2298 3184 2383 3226 ex
2432 3160 2827 3227 concessione
2871 3160 3034 3225 bone
3084 3155 3381 3222 memorie

609 3260 905 3349 Hugonis
933 3258 1210 3348 episcopi
1227 3260 1557 3325 Fernensis
1585 3261 2028 3349 predecessoris
2057 3263 2252 3329 nostri
2275 3288 2312 3328 a
2338 3276 2618 3351 tempore
2648 3287 2773 3350 quo
2802 3287 2929 3327 non
2947 3275 3125 3328 extat
3146 3284 3380 3326 memo-

610 3367 704 3433 ria
749 3367 819 3431 in
864 3366 1152 3455 proprios
1193 3390 1340 3431 usus
1377 3367 1730 3455 possedistis
1773 3382 1838 3432 et
1877 3368 1946 3433 in
1989 3369 2448 3455 presenciarum
2489 3368 2815 3457 possidetis
2855 3368 2933 3434 de
2976 3366 3293 3434 communi
3322 3376 3388 3430 et

613 3472 892 3538 unanimi
921 3472 1243 3537 voluntate
1273 3496 1343 3537 ac
1371 3495 1676 3538 consensu
1703 3472 1922 3539 decani
1945 3488 2010 3539 et
2038 3474 2297 3562 capituli
2326 3474 2583 3541 ecclesie
2612 3488 2817 3539 nostre
2847 3471 3177 3539 Fernensis
3206 3470 3384 3536 vobis

613 3592 676 3643 et
712 3578 1164 3644 successoribus
1192 3578 1410 3644 vestris
1446 3579 1515 3643 in
1543 3594 1916 3668 perpetuum
1960 3582 2361 3647 concedimus
2389 3595 2453 3647 et
2477 3581 2912 3647 confirmamus
2939 3578 3291 3645 habendam
3320 3591 3385 3643 et

611 3684 946 3749 tenendam
979 3722 992 3735 ·
1025 3683 1410 3770 eandemque
1455 3709 1601 3750 cum
1641 3686 1930 3753 omnibus
1950 3686 2201 3772 juribus
2231 3687 2356 3752 suis
2385 3701 2449 3753 et
2476 3686 2876 3776 pertinenciis
2905 3685 3217 3751 Prioratui
3245 3706 3381 3749 ves-

615 3804 712 3855 tro
757 3789 1072 3855 antedicto
1110 3790 1454 3878 pontificali
1492 3792 1856 3858 auctoritate
1895 3793 2147 3858 unimus
2192 3806 2257 3859 et
2301 3793 2773 3860 consolidamus.
2866 3791 3054 3858 Salva
3095 3790 3275 3857 nobis
3320 3802 3385 3855 et

615 3896 1064 3964 successoribus
1107 3896 1332 3961 nostris
1380 3896 1778 3963 ordinacione
1807 3897 2037 3963 vicarie
2074 3898 2333 3964 ecclesie
2363 3900 2673 3965 antedicte
2702 3912 2889 3987 prout
2916 3921 3028 3962 nos
3069 3910 3133 3962 et
3164 3894 3382 3983 prede-

615 4027 878 4070 cessores
923 4002 1118 4067 nostri
1160 4002 1542 4089 temporibus
1587 4002 1904 4067 retroactis
1931 4001 2130 4069 facere
2179 4002 2613 4068 consuevimus
2648 4017 2713 4069 et
2750 4016 3218 4069 consueverunt.
3308 4002 3385 4067 In

534 4166 543 4175 .
618 4111 796 4195 cujus
822 4110 914 4175 rei
936 4108 1359 4174 testimonium
1389 4108 1666 4197 sigillum
1701 4124 1982 4175 nostrum
2029 4134 2156 4176 una
2183 4134 2325 4177 cum
2356 4110 2561 4198 sigillo
2590 4110 2907 4176 communi
2937 4110 3088 4175 dicti
3128 4108 3386 4197 capituli

617 4216 812 4281 nostri
851 4215 1180 4282 Fernensis
1223 4217 1613 4305 presentibus
1665 4217 1895 4305 apponi
1935 4216 2212 4283 fecimus.
2302 4216 2540 4282 Datum
2584 4216 2753 4305 apud
2787 4215 3020 4303 Weys:
3073 4215 3174 4281 die
3203 4216 3247 4281 J
3249 4215 3381 4280 ovis

620 4322 911 4411 proximo
941 4336 1080 4411 post
1114 4321 1341 4389 festum
1372 4322 1536 4390 beati
1574 4322 1905 4389 Laurencii
1947 4322 2213 4389 martiris
2248 4362 2258 4373 ·
2292 4346 2455 4388 anno
2487 4322 2749 4388 Domini
2787 4336 2893 4386 m0.
2924 4346 3049 4388 ccc.
3074 4322 3383 4388 tricesimo

619 4443 830 4495 tercio.

2990 4535 3387 4623 Inspeximus
