4295 5410
1938 642 1991 715 li

579 822 800 901 tancia,
833 825 964 889 sive
995 822 1396 912 pertinencia,
1435 822 1568 889 sive
1619 823 1789 889 dicto
1829 824 2113 893 Waltero
2150 825 2341 913 priori
2388 840 2461 892 ut
2501 825 2569 891 in
2588 850 2733 911 Jure
2766 826 2933 893 dicte
2962 827 3183 892 domus
3212 826 3343 893 sive

571 928 878 1015 prioratus
944 928 1157 995 debita
1221 927 1354 993 sive
1419 926 1822 1014 pertinencia.
1929 928 2245 995 Habenda
2292 928 2565 995 tenenda
2596 942 2662 995 et
2712 930 3047 1017 gaudenda
3107 930 3339 995 dictam

572 1034 832 1101 domum
861 1036 994 1101 sive
1023 1033 1364 1122 prioratum
1393 1046 1675 1100 nostrum
1699 1034 2006 1102 Omnium
2039 1036 2411 1103 Sanctorum
2442 1060 2514 1103 ac
2534 1036 2795 1101 domum
2822 1036 3090 1103 fundum
3118 1038 3344 1103 scitum

572 1140 878 1207 ambitum
895 1155 960 1207 et
988 1139 1376 1228 precinctum
1406 1140 1712 1227 prioratus
1741 1140 1874 1206 sive
1903 1140 2126 1206 domus
2155 1140 2443 1229 religiose
2474 1141 2779 1207 Omnium
2812 1142 3181 1209 Sanctorum
3210 1167 3345 1231 pre·

573 1245 884 1312 dictorum
941 1245 1216 1312 maneria
1277 1258 1470 1311 terras
1543 1258 1901 1313 tenemento.
1983 1270 2231 1313 necnon
2296 1247 2464 1312 bona
2534 1246 2785 1313 cattalla
2858 1261 2925 1312 et
2996 1248 3206 1314 debita
3272 1274 3343 1314 ac

571 1368 778 1420 cetera
804 1356 1098 1443 premissa
1125 1376 1270 1420 cum
1321 1353 1612 1419 omnibus
1639 1366 1706 1421 et
1733 1354 1996 1443 singulis
2039 1355 2168 1421 suis
2216 1354 2621 1442 pertinenciis
2648 1354 2886 1442 prefato
2934 1353 3343 1419 invictissimo

570 1456 844 1545 principi
871 1472 936 1524 et
962 1457 1220 1524 domino
1247 1472 1458 1525 nostro
1485 1459 1622 1549 regi
1651 1460 1990 1529 heredibus
2018 1476 2084 1528 et
2125 1461 2453 1550 assignatis
2496 1461 2625 1527 suis
2666 1460 3130 1549 imperpetuum
3219 1460 3343 1526 Cui

565 1562 634 1625 in
665 1562 782 1627 hac
811 1575 986 1650 parte
1015 1562 1096 1627 ad
1125 1586 1374 1629 omnem
1423 1562 1586 1648 juris
1613 1562 1912 1631 effectum
1942 1566 2050 1651 qui
2081 1565 2319 1631 exinde
2347 1565 2525 1652 sequi
2573 1566 2805 1653 poterit
2855 1578 2964 1633 aut
2991 1578 3195 1653 potest
3232 1588 3345 1629 nos

571 1680 636 1732 et
665 1667 896 1735 dictam
928 1668 1185 1735 domum
1207 1668 1340 1734 sive
1389 1668 1734 1757 prioratum
1765 1670 2072 1736 Omnium
2105 1671 2477 1739 Sanctorum
2535 1671 2965 1759 predictorum
3008 1696 3080 1737 ac
3132 1670 3344 1736 omnia

561 1773 708 1857 jura
767 1774 948 1839 nobis
1007 1772 1544 1861 qualitercumque
1611 1774 1916 1861 acquisita
1965 1789 2038 1841 ut
2108 1775 2291 1843 decet
2359 1776 2727 1863 subjicimus
2786 1789 2850 1843 et
2900 1777 3341 1843 submittimus.

567 1878 806 1945 Dantes
833 1892 898 1945 et
919 1879 1329 1946 concedentes
1357 1878 1562 1945 eidem
1591 1879 1762 1969 regie
1791 1882 2100 1968 majestati
2128 1881 2462 1948 heredibus
2496 1894 2561 1948 et
2588 1882 2715 1949 suis
2744 1882 3065 1971 assignatis
3095 1907 3347 1948 omnem

563 2003 628 2055 et
667 1990 1027 2055 omnimodo
1067 1990 1320 2079 plenam
1364 2003 1428 2054 et
1473 1986 1736 2055 liberam
1767 1988 2126 2055 facultatem
2181 1990 2613 2055 auctoritatem
2643 2005 2708 2056 et
2738 2004 3110 2079 potestatem
3139 2014 3251 2056 nos
3280 2004 3345 2055 et

571 2095 802 2161 dictam
821 2096 1078 2162 domum
1100 2095 1230 2161 sive
1248 2094 1591 2184 prioratum
1608 2093 1914 2160 Omnium
1940 2095 2314 2162 Sanctorum
2324 2094 2749 2183 predictorum
2770 2120 3039 2163 unacum
3061 2096 3349 2161 omnibus

569 2216 632 2268 et
659 2200 922 2291 singulis
950 2200 1242 2266 maneriis
1293 2198 1470 2265 terris
1509 2212 1574 2263 et
1603 2196 1976 2263 tenementis
2014 2196 2365 2264 redditibus
2386 2198 2850 2265 revercionibus
2866 2199 3141 2265 serviciis
3166 2199 3348 2266 bonis

570 2310 807 2375 catallis
857 2323 922 2376 et
971 2308 1201 2375 debitis
1251 2319 1316 2373 et
1360 2305 1622 2395 singulis
1649 2304 1962 2393 premissis
1992 2329 2138 2370 cum
2186 2304 2316 2369 suis
2356 2304 2608 2391 juribus
2650 2318 2716 2371 et
2758 2304 3161 2393 pertinenciis
3208 2306 3346 2393 qui-

571 2416 958 2502 buscumque
1018 2412 1390 2502 disponendi
1452 2436 1524 2478 ac
1587 2436 1701 2501 pro
1768 2436 1881 2476 suo
1934 2411 2131 2479 libero
2190 2410 2361 2499 regie
2411 2410 2751 2476 voluntatis
2801 2409 2988 2476 libitu
3035 2410 3115 2476 ad
3169 2436 3348 2498 quos—

568 2544 838 2607 cumque
923 2544 1072 2587 usus
1127 2520 1436 2607 majestati
1504 2544 1612 2586 sue
1684 2519 2000 2608 placentes
2069 2516 2384 2585 alienandi
2457 2517 2733 2585 donandi
2808 2518 3216 2585 convertendi
3286 2534 3351 2585 et

565 2626 990 2693 transferendi.
1080 2626 1467 2714 Hujusmodi
1513 2626 1950 2717 dispositiones
1993 2624 2397 2694 alienationes
2462 2624 2840 2691 donaciones
2916 2608 3349 2690 conversiones

567 2748 630 2798 et
681 2731 1110 2798 translationes
1173 2756 1286 2822 per
1336 2733 1724 2819 majestatem
1785 2757 1964 2799 suam
2023 2731 2437 2819 quovismodo
2484 2731 2721 2798 fiendas
2788 2747 2897 2799 aut
2958 2733 3348 2799 ratificandas

565 2853 726 2906 ratas
789 2853 854 2904 et
927 2853 1134 2928 gratas
1221 2863 1292 2906 ac
1359 2852 1661 2927 perpetuo
1719 2837 1928 2904 firmas
1985 2837 2307 2905 habituros
2364 2837 2789 2926 promittimus
2846 2863 2957 2927 per
3013 2851 3346 2927 presentes.

569 2947 660 3011 Et
709 2961 781 3012 ut
836 2947 1132 3036 premissa
1190 2944 1400 3013 omnia
1457 2959 1521 3012 et
1583 2946 1830 3036 singula
1901 2971 2084 3012 suum
2143 2945 2427 3012 debitum
2494 2944 2699 3011 sortiri
2757 2945 3005 3010 valeant
3055 2945 3349 3010 effectum

570 3053 988 3118 eleccionibus
1031 3053 1287 3140 insuper
1330 3051 1511 3118 nobis
1569 3065 1635 3118 et
1691 3052 2144 3118 successoribus
2202 3049 2427 3116 nostris
2512 3075 2629 3116 nec
2684 3074 2814 3116 non
2865 3049 3154 3116 omnibus
3198 3074 3347 3136 que-

565 3157 710 3225 relis
765 3157 1316 3247 provocationibus
1367 3157 1890 3248 appellationibus
1940 3157 2300 3224 accionibus
2345 3157 2564 3223 litibus
2614 3171 2679 3223 et
2725 3155 3044 3222 instanciis
3088 3155 3347 3243 aliisque

567 3264 1062 3351 quibuscumque
1091 3264 1316 3329 nostris
1345 3263 1636 3330 remediis
1666 3276 1731 3330 et
1761 3263 2084 3330 beneficiis
2101 3263 2283 3329 nobis
2321 3261 2526 3329 forsan
2554 3274 2619 3328 et
2647 3261 3099 3328 successoribus
3126 3262 3349 3327 nostris

563 3374 629 3438 in
659 3397 732 3438 ea
761 3388 934 3461 parte
963 3387 1260 3462 pretextu
1289 3371 1710 3460 dispositionis
1740 3371 2132 3439 alienationis
2161 3369 2579 3436 translationis
2608 3367 2731 3458 [et]
2762 3366 3180 3433 conver-tionis
3208 3391 3346 3456 pre-

567 3479 874 3545 dictarum
896 3491 962 3545 et
989 3492 1338 3544 ceterorum
1366 3475 1805 3565 premissorum
1830 3475 2367 3562 qualitercumque
2389 3471 2889 3560 competentibus
2918 3468 3349 3559 competituris

567 3585 978 3672 omnibusque
1009 3583 1138 3649 doli
1156 3583 1378 3649 erroris
1421 3596 1624 3648 metus
1665 3581 2024 3671 ignorancie
2055 3580 2159 3646 vel
2188 3578 2440 3645 alterius
2468 3577 2725 3644 materie
2754 3577 2886 3642 sive
2930 3575 3349 3664 dispositionis

567 3692 848 3780 exceptis
876 3691 976 3778 obj
984 3691 1342 3758 eccionibus
1370 3705 1435 3757 et
1463 3689 1936 3779 alligacionibus
1963 3711 2211 3777 prorsus
2241 3686 2493 3752 semotis
2521 3697 2585 3750 et
2628 3683 2925 3772 depositis
2952 3683 3159 3771 palam
3188 3708 3348 3771 pup-

567 3798 686 3864 lice
715 3813 779 3864 et
817 3821 1108 3886 expresse
1138 3823 1222 3863 ex
1253 3811 1421 3862 certa
1447 3811 1659 3862 nostra
1701 3795 1968 3861 sciencia
2013 3795 2362 3880 animisque
2410 3789 2770 3880 spontaneis
2806 3789 3245 3855 renunciamus
3287 3805 3353 3855 et

568 3903 861 3970 cessimus
889 3915 1079 3990 prout
1106 3926 1218 3990 per
1245 3913 1558 3989 presentes
1587 3898 2023 3966 renunciamus
2052 3909 2117 3963 et
2144 3895 2425 3963 cedimus
2454 3909 2519 3960 et
2548 3895 2625 3959 ab
2654 3893 2889 3959 eisdem
2918 3891 3265 3958 recedimus
3283 3892 3349 3956 in

566 4009 691 4075 hiis
741 4008 1002 4097 scriptis.
1093 4008 1179 4073 Et
1224 4031 1338 4072 nos
1381 4005 1653 4095 prefatus
1682 4004 1866 4069 Prior
1909 4017 1976 4070 et
2020 4014 2367 4068 conventus
2416 4015 2480 4066 et
2530 4023 2903 4066 successores
2945 3999 3139 4063 nostri
3184 3998 3349 4064 dicte

571 4116 792 4180 domus
836 4115 967 4180 sive
1017 4113 1337 4179 Prioratus
1403 4111 1628 4178 scitum
1685 4109 1994 4176 ambitum
2052 4122 2118 4174 et
2174 4107 2561 4196 precinctum
2612 4103 2917 4172 Omnium
2979 4103 3350 4170 Sanctorum

573 4219 1012 4308 predictorum,
1057 4244 1129 4286 ac
1157 4218 1367 4284 omnia
1395 4231 1460 4284 et
1516 4216 1764 4306 singula
1790 4215 2068 4281 maneria
2097 4214 2314 4280 domos
2364 4211 2713 4302 messuagia
2760 4225 2953 4276 terras
2996 4223 3354 4277 tenementa

571 4329 737 4393 bona
795 4325 1015 4391 catalla
1069 4338 1134 4392 et
1192 4325 1404 4392 debita
1460 4350 1532 4391 ac
1583 4323 1794 4390 omnia
1850 4338 1914 4390 et
1963 4322 2212 4410 singula
2260 4319 2559 4410 premissa
2602 4343 2747 4385 cum
2798 4317 2924 4383 suis
2952 4315 3352 4406 pertinenciis

571 4432 878 4498 universis
906 4432 1143 4521 prefato
1174 4432 1431 4499 domino
1460 4446 1670 4498 nostro
1699 4431 1832 4520 regi
1884 4431 2220 4497 heredibus
2266 4442 2332 4495 et
2379 4425 2702 4516 assignatis
2730 4425 2857 4491 suis
2903 4437 3118 4490 contra
3143 4446 3356 4488 omncs

1941 4537 1984 4600 h
2023 4539 2058 4600 2
3138 4539 3353 4616 gentes
