4295 5410
2244 617 2332 690 16

1032 797 1431 890 Inspeximus
1476 800 1672 866 eciam
1702 798 1909 865 literas
1953 800 2084 866 sive
2135 813 2369 866 cartam
2416 825 2567 886 quas
2606 799 3009 866 Theobaldus
3058 797 3329 866 Walteri
3380 799 3683 888 pincerna

905 907 1213 973 Hibernie
1241 905 1388 972 fecit
1411 905 1550 970 Deo
1601 915 1666 968 et
1710 903 1967 968 ecclesie
2000 903 2305 968 Omnium
2339 902 2707 970 Sanctorum
2744 905 2938 991 juxta
2967 905 3210 971 Dublin
3260 920 3325 972 et
3368 905 3692 976 canonicis

903 1013 1142 1078 ibidem
1173 1012 1314 1077 Deo
1343 1008 1754 1076 servientibus
1787 1047 1800 1060 ·
1833 1008 1902 1073 in
1930 1008 2048 1075 hec
2079 1011 2287 1074 verba.
2377 1009 2689 1076 Omnibus
2720 1009 2957 1076 Christi
2986 1010 3277 1078 fidelibus
3323 1011 3435 1077 has
3477 1010 3693 1077 literas

903 1117 1276 1207 inspecturis
1306 1114 1709 1181 Theobaldus
1737 1114 2006 1180 Walteri
2034 1114 2331 1204 pincerna
2361 1115 2669 1182 Hibernie
2708 1117 2990 1182 salutem.
3077 1116 3345 1183 Noverit
3382 1117 3684 1184 universi-

903 1239 998 1291 tas
1035 1239 1240 1290 vestra
1277 1246 1378 1288 me
1408 1220 1648 1286 dedisse
1695 1219 2062 1285 concessisse
2100 1235 2167 1285 et
2192 1219 2311 1284 hac
2359 1233 2527 1286 carta
2562 1244 2701 1286 mea
2733 1220 3004 1309 presenti
3034 1221 3425 1289 confirmasse
3456 1222 3595 1288 Deo
3624 1236 3691 1288 et

905 1330 1162 1398 ecclesie
1176 1328 1480 1394 Omnium
1508 1326 1876 1392 Sanctorum
1896 1326 2090 1412 juxta
2106 1325 2351 1391 Dublin
2374 1339 2439 1390 et
2466 1326 2778 1392 canonicis
2806 1326 3045 1394 ibidem
3068 1328 3209 1393 Deo
3236 1328 3649 1394 servientibus
3670 1365 3685 1384 ·

906 1461 1021 1525 pro
1049 1435 1244 1501 salute
1285 1434 1489 1500 anime
1525 1455 1660 1497 mee
1692 1445 1756 1496 et
1783 1446 2239 1497 antecessorum
2279 1445 2344 1496 et
2382 1456 2801 1498 successorum
2830 1457 3111 1498 meorum
3140 1446 3205 1498 et
3232 1434 3514 1500 omnium
3534 1434 3689 1500 fide·

908 1546 1066 1611 lium
1095 1544 1531 1610 defunctorum
1563 1540 1876 1626 quandam
1905 1555 2146 1628 partem
2176 1554 2336 1606 terre
2366 1564 2503 1606 mee
2526 1541 2605 1607 de
2639 1540 2818 1607 Stein
2848 1577 2863 1593 ·
2896 1564 3017 1626 que
3048 1541 3221 1625 jacet
3239 1540 3431 1625 juxta
3458 1539 3693 1606 dictam

909 1650 1232 1718 ecclesiam
1255 1671 1464 1714 versus
1494 1645 1798 1710 orientem
1826 1658 1890 1710 et
1918 1643 2199 1710 continet
2226 1643 2295 1708 in
2317 1668 2379 1710 se
2404 1643 2557 1709 duas
2580 1667 2747 1709 acras
2775 1655 2841 1708 et
2862 1642 3187 1708 dimidiam
3220 1679 3233 1695 ·
3266 1665 3411 1709 cum
3434 1641 3692 1708 decimis

909 1777 975 1825 et.
1004 1755 1493 1823 obvencionibus
1523 1778 1644 1839 que
1675 1752 2054 1840 proveniunt
2082 1753 2161 1820 de
2192 1766 2322 1818 tota
2354 1752 2531 1818 Stein
2566 1790 2579 1803 ·
2610 1751 2963 1817 habendam
3001 1766 3066 1816 et
3096 1749 3429 1816 tenendam
3458 1749 3692 1815 dictam

910 1879 1137 1931 terram
1182 1887 1328 1929 cum
1365 1860 1549 1926 dictis
1584 1859 1840 1924 decimis
1879 1858 1947 1922 in
1991 1883 2211 1947 puram
2255 1873 2319 1924 et
2364 1872 2729 1946 perpetuam
2768 1857 3168 1923 elemosinam
3212 1880 3357 1922 cum
3402 1855 3693 1922 omnibus

907 1968 1302 2037 libertatibus
1331 1980 1396 2032 et
1415 1964 1968 2032 consuetudinibus
1989 1963 2068 2030 ad
2089 1964 2351 2030 liberam
2380 1965 2781 2032 elemosinam
2802 1965 3275 2054 pertinentibus.
3362 1966 3457 2033 Ut
3484 1979 3693 2031 autem

909 2077 1029 2142 hec
1058 2099 1197 2140 mea
1226 2072 1488 2139 donacio
1509 2070 1821 2139 concessio
1849 2085 1915 2136 et
1942 2072 2340 2138 confirmacio
2369 2087 2501 2139 rata
2529 2089 2881 2161 perseveret
2907 2089 2972 2140 et
2999 2074 3363 2140 inconcussa
3391 2073 3459 2137 in
3490 2089 3693 2160 poste-

912 2206 1054 2248 rum
1081 2181 1383 2246 habeatur
1408 2215 1420 2228 ·
1444 2190 1793 2265 presentem
1823 2175 2118 2264 paginam
2145 2174 2337 2264 sigilli
2360 2175 2484 2241 mei
2514 2175 2915 2263 impressione
2936 2176 3241 2243 roboravi.
3268 2174 3412 2240 Hiis
3435 2175 3695 2241 testibus

912 2286 1187 2353 Domino
1216 2286 1278 2351 J.
1304 2281 1633 2350 Feruensis
1661 2281 1955 2371 episcopo
1987 2320 2001 2334 ·
2033 2283 2291 2348 domino
2323 2283 2573 2350 Thoma
2601 2308 2863 2372 parsona
2890 2285 2970 2350 de
3002 2284 3197 2351 Calan
3232 2321 3245 2336 ·
3278 2283 3533 2348 domino
3564 2283 3690 2347 Ro-

913 2417 1063 2482 gero
1086 2390 1316 2456 Hustal
1349 2426 1362 2440 ·
1394 2388 1650 2455 domino
1669 2387 1912 2452 Milone
1934 2387 1994 2454 le
2023 2387 2223 2453 Breth
2248 2425 2263 2440 ·
2294 2387 2549 2452 domino
2569 2387 2839 2454 Ricardo
2862 2388 2941 2454 de
2966 2387 3360 2454 Schamesbir
3390 2425 3404 2439 ·
3437 2387 3693 2454 domino

916 2500 1202 2568 Gilberto
1232 2497 1336 2563 del
1364 2497 1580 2562 Yneth
1613 2533 1628 2549 ·
1661 2495 1934 2561 Ricardo
1961 2495 2243 2584 Anglico
2272 2509 2338 2562 et
2366 2495 2520 2562 aliis.

1044 2604 1446 2692 Inspeximus
1474 2602 1728 2690 insuper
1756 2601 2057 2690 scriptum
2087 2602 2385 2669 Mauricii
2412 2601 2530 2667 filii
2560 2602 2819 2668 Geroldi
2842 2602 2910 2666 in
2936 2601 3055 2668 hec
3077 2603 3283 2668 verba.
3372 2599 3697 2668 Universis

919 2710 1154 2778 Christi
1182 2709 1472 2776 fidelibus
1519 2709 1599 2774 ad
1645 2733 1800 2795 quos
1848 2734 2096 2797 presens
2141 2709 2441 2797 scriptum
2487 2709 2841 2797 pervenerit
2870 2708 3214 2775 Mauricius
3242 2707 3411 2774 filius
3438 2705 3696 2773 Geroldi

918 2818 1180 2884 salutem
1210 2815 1278 2881 in
1300 2814 1574 2880 domino.
1661 2813 1925 2879 Noverit
1947 2813 2317 2879 universitas
2338 2827 2541 2879 vestra
2567 2838 2667 2879 me
2698 2813 2913 2879 divine
2942 2813 3213 2879 caritatis
3234 2812 3471 2879 intuitu
3498 2826 3565 2878 et
3582 2836 3696 2901 pro

917 2923 1114 2989 salute
1144 2920 1349 2987 anime
1377 2944 1516 2985 mee
1545 2934 1610 2985 et
1635 2919 1890 2985 Juliane
1923 2917 2140 2983 uxoris
2170 2942 2307 2983 mec
2336 2932 2401 2983 et
2432 2918 2623 3005 patris
2653 2931 2718 2983 et
2746 2917 2961 2982 matris
2990 2942 3126 2983 mee
3148 2930 3603 2984 antecessorum
3632 2932 3698 2984 et

918 3050 1336 3096 successorum
1373 3049 1656 3091 meorum
1687 3063 1700 3076 ·
1735 3038 2038 3111 quantum
2084 3024 2165 3090 ad
2212 3038 2543 3111 patronum
2586 3022 2859 3110 pertinet
2890 3061 2901 3075 ·
2936 3022 3176 3089 dedisse
3222 3022 3589 3089 concessisse
3632 3036 3699 3091 et

919 3134 1192 3223 presenti
1231 3131 1460 3220 scripto
1499 3155 1643 3207 meo
1685 3127 2075 3196 confirmasse
2105 3129 2247 3195 Deo
2290 3143 2355 3195 et
2380 3130 2561 3195 beate
2590 3128 2795 3195 Mai-ie
2824 3144 2889 3195 et
2910 3128 3222 3195 Omnibus
3246 3128 3491 3195 Sanctis
3509 3130 3701 3216 juxta

923 3242 1167 3308 Dublin
1195 3254 1260 3307 et
1290 3239 1507 3305 Priore
1546 3253 1610 3304 et
1647 3237 1988 3305 conventui
2017 3237 2256 3304 ibidem
2300 3238 2827 3304 commorantibus
2858 3276 2871 3289 ·
2902 3237 3225 3304 ecclesiam
3256 3237 3335 3303 de
3366 3237 3699 3305 Tachtodh

917 3371 1066 3415 cum
1094 3345 1493 3436 pertinenciis
1533 3345 1658 3410 suis
1690 3383 1704 3397 ·
1735 3346 2070 3411 tenendam
2108 3360 2174 3411 et
2210 3345 2563 3413 habendam
2603 3346 2682 3411 ad
2719 3370 2861 3411 suos
2890 3345 3169 3433 proprios
3205 3369 3353 3410 usus
3380 3344 3449 3410 in
3477 3368 3696 3433 puram

920 3466 986 3521 et
1007 3467 1370 3542 perpetuam
1399 3450 1817 3516 elemosinam.
1909 3450 2112 3517 Salvis
2139 3451 2397 3518 ecclesie
2427 3451 2506 3517 de
2536 3451 3021 3517 Laderachbrim
3050 3464 3115 3517 et
3142 3451 3377 3538 capelle
3406 3450 3486 3517 de
3514 3450 3697 3537 May-

920 3560 1078 3627 noth
1108 3558 1364 3628 decimis
1392 3557 1570 3623 terris
1599 3572 1664 3623 et
1691 3557 2185 3625 obvencionibus
2212 3572 2277 3624 et
2302 3559 2487 3625 rebus
2524 3558 2660 3625 aliis
2690 3560 2771 3626 ad
2798 3559 2959 3649 ipsas
2989 3561 3069 3627 de
3088 3562 3233 3646 jure
3262 3560 3698 3650 spectantibus.

925 3667 1014 3732 Et
1041 3680 1114 3731 ut
1140 3666 1258 3731 hec
1287 3687 1427 3729 mea
1454 3662 1716 3729 donacio
1745 3663 2057 3729 concessio
2101 3676 2166 3729 et
2194 3660 2592 3729 confirmacio
2631 3677 2931 3751 perpetue
2960 3663 3269 3730 firmitatis
3312 3665 3501 3731 robur
3537 3664 3699 3752 opti-

925 3784 1072 3837 neat
1095 3809 1108 3821 ·
1133 3794 1380 3858 presens
1410 3769 1708 3857 scriptum
1737 3770 1927 3858 sigilli
1945 3754 2080 3836 'mei
2102 3769 2451 3835 munimine
2478 3770 2783 3837 roboravi.
2829 3770 2975 3835 Hiis
3002 3772 3264 3837 testibus
3294 3808 3309 3822 ·
3336 3770 3702 3838 Venerabili

925 3890 1101 3965 patre
1131 3877 1306 3942 Luca
1333 3875 1578 3942 Dublin
1617 3875 2078 3964 archiepiscopo
2111 3914 2124 3927 ·
2159 3876 2246 3942 H.
2279 3875 2523 3942 Dublin
2555 3914 2568 3927 ·
2608 3876 2733 3965 [et]
2766 3876 2873 3942 W.
2914 3876 3165 3964 Glynd:
3204 3876 3653 3944 archidiaconis
3682 3916 3699 3931 ·

929 3985 1015 4050 H.
1049 3985 1270 4049 abbate
1314 3982 1510 4048 sancti
1541 3982 1788 4047 Thome
1821 4020 1834 4033 ·
1868 3982 1946 4047 R.
1979 3981 2195 4048 Priore
2240 3996 2449 4046 sancte
2490 3980 2817 4046 Trinitatis
2847 3979 3171 4047 Dublinne
3204 4018 3217 4031 ·
3248 3981 3292 4046 J
3294 3982 3537 4048 ohanne
3566 3981 3699 4047 filio

932 4089 1177 4154 Thome
1211 4126 1224 4139 ·
1253 4087 1299 4152 J
1301 4088 1545 4152 ohanne
1575 4084 1886 4152 Pincerna
1918 4122 1932 4137 ·
1964 4085 2241 4151 Roberto
2264 4084 2343 4150 de
2375 4083 2633 4171 Capella
2662 4123 2676 4137 ·
2710 4084 3008 4172 Philippo
3039 4085 3115 4151 de
3146 4085 3503 4175 Intebergia
3547 4100 3699 4154 tunc

929 4192 1262 4261 senescallo
1282 4192 1554 4281 Offallye
1576 4230 1589 4243 ·
1609 4192 1904 4281 magistro
1923 4191 2200 4259 Vnnano
2221 4192 2395 4259 fisico
2420 4230 2435 4246 ·
2460 4193 2732 4259 Ricardo
2756 4194 3045 4260 Clement
3070 4232 3084 4246 ·
3106 4195 3151 4260 J
3153 4195 3395 4261 ohanne
3417 4196 3495 4262 de
3519 4196 3704 4262 Pulla

929 4312 996 4365 et
1023 4297 1175 4364 aliis.

1056 4402 1456 4495 Inspeximus
1484 4402 1683 4470 eciam
1711 4402 2011 4492 scriptum
2041 4403 2215 4471 Luce
2240 4403 2484 4471 Dublin
2512 4402 2958 4494 archiepiscopi
2987 4404 3054 4470 in
3083 4405 3201 4473 hec
3242 4408 3447 4474 verba.
3538 4406 3697 4473 Uni-

3507 4514 3698 4580 versis
