4295 5410
2276 631 2365 724 58

2221 899 2426 972 LXI.

1759 1085 1974 1158 Quarta
2008 1096 2156 1157 ttttt
2190 1096 2337 1158 tetre
2372 1087 2441 1158 in
2474 1084 2890 1174 &pharum

1075 1271 1265 1338 Ciant
1309 1284 1622 1359 presentes
1671 1283 1735 1336 et
1775 1271 1969 1358 futuri
2015 1271 2186 1358 quod
2232 1296 2349 1362 ego
2389 1271 2709 1340 Gilbertus
2758 1271 3061 1363 Specerus
3112 1273 3279 1340 filius
3320 1275 3585 1342 Walter-i
3630 1275 3708 1340 de

1119 1377 1532 1444 Brectenham
1579 1403 1876 1444 consensu
1923 1391 1988 1444 et
2016 1403 2264 1444 assensu
2290 1379 2334 1444 J
2336 1379 2579 1446 ohanne
2607 1379 2824 1446 uxoris
2852 1405 2989 1447 mee
3028 1381 3175 1446 dedi
3203 1381 3475 1448 concessi
3503 1395 3568 1448 et
3594 1382 3709 1447 hac

945 1485 1214 1574 presenti
1243 1498 1410 1550 carta
1437 1509 1578 1551 mea
1603 1485 1966 1550 confirmavi
1984 1484 2188 1551 Priori
2220 1483 2525 1551 Omnium
2558 1487 2927 1553 Sanctorum
2947 1487 3138 1574 juxta
3164 1487 3408 1554 Dublin
3436 1501 3500 1553 et
3526 1513 3707 1554 cano·

945 1588 1102 1654 nicis
1147 1588 1382 1655 ibidem
1420 1587 1561 1654 Deo
1607 1587 2017 1654 servientibus
2051 1627 2063 1639 ·
2097 1601 2293 1654 totam
2337 1602 2563 1655 tenum
2614 1615 2817 1656 meam
2864 1616 3052 1678 quam
3096 1594 3290 1659 habui
3335 1595 3439 1660 vel
3481 1595 3711 1660 habere

947 1695 1124 1783 potui
1164 1694 1267 1760 vel
1307 1695 1478 1782 quod
1513 1695 1706 1761 michi
1745 1695 2024 1761 accidere
2063 1694 2295 1784 poterit
2336 1695 2406 1760 in
2436 1695 2796 1785 Kylmellan
2842 1722 2987 1765 cum
3035 1699 3321 1766 omnibus
3370 1699 3451 1765 ad
3478 1699 3707 1764 dictam

945 1817 1172 1866 terram
1199 1800 1654 1888 pertinentibus
1686 1838 1698 1851 ·
1729 1799 2082 1866 habendam
2126 1811 2191 1864 et
2220 1799 2551 1865 tenendam
2598 1800 2833 1866 eisdem
2878 1814 2943 1867 et
2988 1804 3433 1870 successoribus
3478 1803 3602 1868 suis
3632 1803 3709 1868 de

947 1931 1047 1972 me
1076 1920 1141 1972 et
1166 1905 1499 1972 heredibus
1526 1905 1679 1971 meis
1707 1905 1776 1970 in
1804 1918 2177 1993 perpetuum
2206 1904 2401 1970 libere
2430 1904 2639 1990 quiete
2668 1906 2866 1973 solute
2888 1907 3129 1995 integre
3158 1908 3413 1995 pacifice
3441 1909 3509 1972 in
3539 1922 3709 1973 tene-

947 2014 1170 2080 mentis
1213 2014 1283 2078 in
1311 2013 1570 2079 edificiis
1597 2014 1666 2078 in
1694 2015 1886 2102 pratis
1927 2014 1996 2078 in
2037 2013 2280 2101 pascuis
2326 2013 2395 2077 in
2442 2013 2633 2078 moris
2676 2013 2745 2079 in
2771 2014 3044 2080 mariscis
3073 2029 3138 2080 et
3165 2015 3231 2080 in
3261 2016 3547 2082 omnibus
3576 2015 3710 2080 aliis

949 2119 1099 2185 locis
1150 2131 1214 2182 et
1260 2118 1544 2185 omnibus
1593 2117 1944 2183 asiamentis
1995 2117 2075 2182 ad
2103 2116 2335 2182 dictam
2372 2128 2600 2182 terram
2628 2119 3097 2206 pertinentibus.
3187 2121 3533 2188 Reddendo
3563 2123 3710 2188 inde

950 2224 1272 2289 annuatim
1299 2223 1492 2288 michi
1511 2235 1574 2288 et
1591 2222 1923 2288 heredibus
1951 2223 2106 2287 meis
2133 2221 2268 2309 ipse
2296 2233 2361 2287 et
2388 2247 2759 2290 successores
2788 2225 2884 2290 sui
2912 2249 3103 2290 unam
3125 2225 3347 2293 libram
3376 2227 3611 2294 cumini
3630 2229 3709 2293 ad

951 2332 1179 2420 pascha
1205 2356 1318 2419 pro
1348 2330 1518 2396 omni
1546 2329 1807 2396 servicio
1837 2343 1901 2395 et
1927 2329 2190 2395 seculari
2219 2329 2527 2396 demanda.
2560 2370 2571 2382 -
2604 2332 2774 2398 salvo
2804 2333 3064 2398 servicio
3094 2332 3410 2400 forinseco.

1079 2440 1205 2505 Pro
1233 2438 1351 2504 hac
1380 2449 1587 2502 autem
1610 2435 1950 2502 donacione
1972 2435 2367 2502 concessione
2396 2449 2461 2501 et
2488 2451 2653 2503 carte
2680 2437 3155 2504 confirmacione
3187 2439 3493 2506 dederunt
3518 2441 3709 2505 michi

951 2546 1104 2611 dicti
1133 2545 1315 2611 Prior
1359 2555 1422 2609 et
1459 2554 1800 2609 conventus
1837 2542 2067 2630 viginti
2111 2565 2347 2608 marcas
2396 2543 2636 2630 argenti
2686 2566 2797 2632 pre
2847 2545 3133 2612 manibus
3160 2545 3229 2609 in
3260 2596 3707 2610 ..........

951 2651 1040 2717 Et
1065 2663 1139 2717 ut
1166 2651 1284 2716 hec
1311 2672 1450 2715 mea
1478 2648 1739 2715 donacio
1767 2649 2078 2717 concessio
2124 2663 2191 2715 et
2232 2662 2399 2717 carte
2446 2650 2839 2717 confirmacio
2884 2652 3073 2719 robur
3100 2651 3407 2719 firmitatis
3436 2652 3711 2720 obtineat

951 2758 1229 2846 sigillum
1258 2779 1469 2821 meum
1496 2754 1646 2821 huic
1674 2756 1900 2843 scripto
1931 2756 2209 2844 apposui.
2256 2755 2401 2821 Hiis
2424 2757 2683 2823 testibus
2705 2795 2718 2807 ·
2738 2756 2991 2823 domino
3010 2757 3285 2845 Hugone
3307 2758 3385 2825 de
3408 2758 3667 2825 Estham
3694 2798 3706 2809 ·

950 2866 1276 2931 Willelmo
1303 2864 1364 2929 le
1393 2862 1714 2951 Frenneys
1751 2902 1763 2913 ·
1790 2863 1894 2927 W.
1927 2863 2128 2929 Pilate
2163 2902 2176 2914 ·
2208 2862 2457 2951 Rogero
2497 2864 2575 2929 de
2614 2864 2979 2929 Mesintoun
3010 2901 3023 2913 ·
3060 2862 3376 2950 Stephano
3406 2863 3483 2928 de
3513 2863 3708 2929 Enes-

950 2972 1071 3038 wel
1104 3011 1116 3023 ·
1149 2969 1494 3037 Bertrando
1532 2968 1610 3034 de
1641 2968 1702 3033 la
1729 2966 1785 3031 F
1786 2967 1890 3033 eld
1923 3007 1934 3018 -
1959 2968 2243 3034 Waltero
2290 2969 2369 3034 de
2398 2970 2454 3035 F
2456 2968 2648 3057 ubley
2680 3007 2693 3019 ·
2718 2968 3041 3035 Willelmo
3088 2969 3166 3035 de
3196 2970 3363 3034 Rath
3397 3007 3409 3019 ·
3444 2968 3709 3035 Ricardo

950 3078 1242 3163 Seriaunt
1275 3116 1286 3127 -
1321 3075 1655 3163 Radulpho
1698 3074 1987 3161 Seljaunt
2019 3114 2032 3126 ·
2063 3076 2107 3141 J
2108 3076 2355 3142 ohanne
2390 3077 2521 3142 filio
2560 3074 2981 3143 Bartholomei
3016 3114 3028 3126 ·
3061 3077 3249 3142 Petro
3288 3076 3365 3142 de
3404 3076 3611 3142 Culak
3646 3094 3711 3143 ct

949 3185 1102 3250 aliis,

2213 3443 2439 3515 LXII
2442 3503 2453 3513 .

1605 3625 1899 3701 ἳΒωιαείο
1933 3628 2255 3720 magonis
2288 3627 2499 3717 OEyoel
2528 3632 2599 3701 tit
2633 3627 3048 3718 mlmuau.

1078 3814 1265 3881 ciant
1291 3824 1602 3901 presentes
1630 3827 1695 3878 et
1719 3814 1916 3879 futuri
1947 3814 2116 3899 quod
2143 3839 2262 3903 ego
2281 3815 2477 3904 Hugo
2489 3816 2709 3903 Tyrell
2734 3817 2900 3883 filius
2918 3816 3171 3885 Ricardi
3191 3816 3410 3905 Tyrell
3436 3819 3709 3884 concessi

1121 3940 1184 3992 et
1209 3926 1330 3991 hoc
1359 3923 1628 4011 presenti
1655 3923 1883 4011 scripto
1913 3922 2276 3989 confirmavi
2294 3946 2407 4011 pro
2435 3948 2537 3989 me
2566 3936 2631 3989 et
2656 3923 2988 3990 heredibus
3016 3923 3171 3989 meis
3200 3922 3435 3988 intuitu
3462 3923 3709 4011 pictatis

945 4058 1058 4122 pro
1087 4034 1280 4099 salute
1311 4031 1516 4097 anime
1559 4054 1696 4096 mee
1725 4044 2178 4097 antecessorum
2206 4043 2270 4096 et
2298 4054 2712 4097 successorum
2740 4056 3021 4098 meorum
3049 4032 3252 4098 Priori
3281 4046 3346 4098 et
3372 4034 3709 4100 conventui

930 4140 1250 4205 Omnium
1270 4136 1637 4203 Sanctorum
1659 4136 1902 4203 Dublin
1930 4150 1995 4203 et
2022 4136 2471 4203 successoribus
2501 4161 2716 4203 eorum
2749 4177 2762 4189 -
2793 4150 2989 4204 totam
3009 4138 3417 4204 donacionem
3446 4154 3607 4207 terre
3629 4140 3707 4205 de

947 4245 1307 4335 Kylmellan
1351 4266 1538 4330 quam
1583 4243 1672 4309 eis
1699 4243 1876 4309 dedit
1905 4244 2227 4310 Gilbertus
2269 4244 2570 4333 Speeerus
2606 4244 2773 4309 filius
2800 4244 3068 4310 Walteri
3094 4243 3171 4309 de
3202 4244 3659 4310 Brecthenham
3694 4283 3706 4294 ·

943 4356 1293 4423 habendam
1339 4366 1403 4420 et
1451 4353 1781 4418 tenendam
1831 4352 2064 4419 eisdem
2117 4375 2263 4418 cum
2309 4351 2597 4417 omnibus
2645 4350 3044 4438 pertinenciis
3090 4350 3213 4415 suis
3262 4351 3454 4417 libere
3502 4350 3709 4437 quiete

941 4463 1139 4529 solute
1160 4462 1350 4547 juxta
1377 4460 1637 4526 formam
1674 4460 2054 4527 feoffamenti
2085 4484 2274 4547 quam
2305 4460 2459 4526 dicti
2488 4458 2669 4524 Prior
2698 4472 2761 4525 et
2789 4471 3132 4526 conventus
3170 4483 3206 4523 a
3227 4459 3394 4524 dicto
3424 4458 3708 4525 Grilberto

3561 4562 3706 4628 inde
