4295 5410
2249 618 2335 688 88

907 801 1163 866 ecclesie
1207 812 1545 865 memorate
1575 799 1655 865 de
1689 800 1868 884 cujus
1899 798 2192 864 mandato
2239 797 2571 864 sufficienti
2600 795 2937 861 literatorie
2967 795 3129 861 facto
3161 796 3342 861 nobis
3370 797 3691 861 constabat

909 910 988 975 ad
1011 910 1267 996 plenum
1295 945 1307 957 ·
1332 906 1400 969 in
1423 904 1743 993 presencia
1761 918 1969 969 nostra
1983 902 2372 989 judicialiter
2393 899 2688 966 exhibuit
2709 914 2772 964 et
2795 898 3068 963 ostendit
3093 897 3506 963 instrumenta
3526 900 3693 964 suffi-

907 1014 1146 1079 ciencia
1187 1013 1402 1078 titulos
1441 1026 1578 1079 acta
1614 1025 1678 1077 et
1714 1025 2124 1077 munumenta
2166 1036 2251 1077 ex
2291 1024 2463 1099 parte
2504 1008 2843 1074 eorundem
2884 1030 3069 1094 super
3108 1006 3407 1072 canonica
3452 1030 3689 1072 assecu-

908 1119 1086 1184 cione
1117 1118 1284 1183 dicte
1326 1118 1587 1183 rectorie
1624 1131 1688 1182 et
1726 1118 2195 1205 apropriacione
2225 1117 2505 1202 ejusdem
2534 1116 2622 1180 eis
2651 1116 2813 1181 facta
2842 1114 3338 1181 consolidacione
3383 1128 3449 1180 et
3490 1140 3692 1182 corro-

907 1226 1236 1291 boracione
1267 1250 1338 1292 ac
1368 1225 1843 1292 confirmacione
1871 1226 2167 1292 canonice
2205 1226 2383 1292 factis
2414 1264 2429 1277 ·
2462 1238 2526 1291 et
2565 1224 2829 1311 qualiter
2857 1223 3119 1288 eandem
3162 1223 3231 1286 in
3269 1223 3519 1311 propios
3546 1246 3693 1288 usus

903 1362 1016 1426 per
1043 1352 1288 1426 tempus
1316 1351 1381 1403 et
1408 1350 1689 1425 tempora
1717 1337 1796 1403 de
1813 1337 2040 1424 quibus
2067 1361 2197 1402 non
2226 1349 2404 1403 extat
2425 1336 2725 1402 memoria
2742 1335 3150 1400 obtinuerunt
3167 1347 3232 1400 et
3247 1334 3529 1399 obtinere
3546 1356 3686 1397 nos-

908 1458 1137 1510 cuntur
1184 1444 1410 1530 quibus
1456 1444 1744 1531 perlectis
1790 1444 2104 1509 ascultatis
2149 1443 2299 1508 visis
2345 1457 2409 1509 et
2460 1443 2541 1509 ad
2586 1445 2843 1532 plenum
2893 1443 3227 1509 intellectis
3259 1496 3271 1507 .
3303 1443 3497 1531 peciit
3545 1467 3692 1509 cum

907 1548 1136 1614 effectu
1163 1548 1334 1613 idem
1356 1561 1716 1634 procurator
1743 1548 1998 1614 nomine
2016 1549 2357 1614 eorundem
2387 1550 2620 1615 Prioris
2650 1564 2713 1615 et
2742 1564 3085 1616 conventus
3106 1565 3414 1616 rectorum
3432 1552 3689 1617 ecclesie

910 1668 1247 1720 memorate
1277 1668 1351 1719 ut
1393 1654 1698 1742 prefertur
1730 1691 1742 1705 ·
1776 1655 1946 1739 quod
1975 1653 2124 1720 licet
2152 1678 2263 1741 per
2291 1653 2533 1741 lapsum
2563 1654 2871 1719 dictorum
2902 1654 3308 1719 terminorum
3338 1669 3687 1743 perempto-

907 1761 1144 1825 riorum
1174 1760 1515 1826 sentencias
1545 1760 1908 1825 diffinitivas
1938 1775 2004 1826 et
2032 1762 2281 1827 decreta
2302 1774 2517 1827 contra
2545 1763 2709 1849 ipsos
2737 1762 2864 1827 lata
2894 1762 3421 1850 presentacionem
3444 1766 3689 1850 patroni

911 1870 1182 1959 pretensi
1211 1871 1628 1956 inquisionem
1657 1872 2092 1937 admissionem
2121 1888 2393 1938 nostram
2423 1873 2887 1938 institucionem
2917 1888 2980 1939 et
3007 1874 3437 1941 inductionem
3454 1900 3687 1941 memo-

911 1990 1075 2041 ratos
1103 1975 1216 2041 lesi
1243 1976 1504 2042 fuissent
1535 2015 1547 2028 ·
1581 1978 1750 2063 quod
1778 2001 1908 2041 non
1936 1977 2275 2043 credebant
2303 1977 2382 2043 de
2402 1976 2548 2062 jure
2588 1976 2725 2042 fieri
2768 2000 2944 2065 posse
2982 2002 3127 2044 cum
3158 1979 3331 2045 nulla
3358 1980 3580 2045 citacio
3610 1982 3691 2047 ad

913 2084 1189 2170 ipsorum
1233 2083 1336 2148 vel
1374 2085 1784 2170 procuratoris
1823 2085 1920 2149 sui
1943 2085 2245 2150 not-iciam
2288 2084 2575 2173 pervenit
2607 2124 2619 2134 ·
2653 2099 2718 2149 et
2756 2085 2925 2171 quod
2964 2085 3085 2172 ipsi
3123 2087 3365 2151 notorie
3409 2087 3689 2152 absentes

913 2188 1254 2253 exitterant
1281 2187 1348 2251 in
1370 2188 1585 2252 eadem
1617 2188 1942 2275 provincia
1975 2225 1987 2237 ·
2019 2188 2131 2254 ubi
2162 2189 2403 2254 moneri
2432 2202 2771 2277 potuerunt
2802 2206 2865 2255 et
2896 2191 3248 2257 debuerunt
3276 2193 3355 2258 de
3375 2194 3520 2279 jure
3550 2208 3693 2260 ante

914 2318 1100 2380 quam
1125 2293 1273 2359 talia
1289 2293 1356 2358 in
1377 2317 1593 2359 eorum
1615 2293 2032 2381 prejudicium
2057 2307 2273 2360 contra
2293 2296 2459 2383 ipsos
2477 2296 2917 2381 quoquomodo
2937 2298 3293 2385 attemptari
3310 2299 3655 2386 potuissent
3675 2339 3688 2351 ·

913 2402 1195 2490 predicta
1215 2402 1424 2468 omnia
1452 2415 1517 2468 et
1545 2401 1791 2490 singula
1818 2402 1888 2466 in
1916 2426 2130 2469 eorum
2162 2402 2579 2490 prejudicium
2610 2416 2975 2490 attemptata
2994 2427 3421 2469 revocaremus
3443 2418 3507 2468 et
3528 2404 3693 2491 ipsos

913 2526 1042 2575 tam
1071 2510 1138 2573 in
1166 2508 1486 2597 religionis
1517 2533 1705 2594 quam
1746 2509 2004 2575 ecclesie
2033 2508 2309 2575 favorem
2338 2509 2801 2575 restitueremus
2823 2508 2891 2573 in
2920 2508 3238 2597 integrum
3248 2523 3312 2575 et
3330 2508 3524 2575 dictas
3554 2534 3689 2575 sen-

913 2616 1148 2683 tencias
1192 2627 1256 2680 et
1291 2615 1539 2680 decreta
1573 2638 2002 2680 revocaremus
2031 2614 2413 2679 irritaremus
2440 2626 2504 2679 et
2532 2612 2947 2679 anullaremus
2975 2626 3039 2678 et
3066 2614 3326 2679 ulterius
3353 2614 3691 2680 faceremus

913 2746 1058 2788 cum
1080 2718 1502 2786 misericordia
1531 2717 1699 2806 quod
1718 2719 1974 2804 justicia
2003 2718 2306 2785 suaderet.
2368 2718 2499 2783 Nos
2529 2720 2917 2785 advertentes
2936 2720 3105 2804 quod
3135 2744 3445 2786 canonum
3473 2734 3537 2786 et
3555 2722 3689 2807 jus-

915 2828 1061 2895 ticie
1091 2825 1545 2893 observacionis
1584 2850 1794 2891 sumus
1837 2825 2147 2892 debitores
2190 2827 2429 2892 nemini
2460 2827 2736 2893 volentes
2778 2827 2847 2891 in
2898 2852 3007 2893 sua
3036 2829 3299 2895 deficere
3318 2829 3575 2915 justicia
3602 2844 3694 2896 set

915 2934 1162 3021 poscius
1189 2932 1517 2999 confovere
1545 2933 1769 2999 rimato
1797 2946 1929 2999 toto
1952 2937 2094 3020 jure
2125 2934 2438 3000 dictorum
2467 2934 2896 3022 religiosorum
2934 2935 3213 3000 virorum
3242 2959 3427 3024 super
3456 2961 3691 3003 assecu-

917 3040 1097 3106 cione
1128 3040 1293 3107 dicte
1321 3039 1582 3105 rectorie
1610 3040 1775 3128 ipsos
1801 3079 1815 3093 ·
1839 3041 1892 3106 si
1921 3055 1985 3106 et
2014 3055 2320 3128 quatenus
2348 3041 2460 3106 lesi
2484 3041 2825 3107 exitterant
2853 3065 3039 3129 super
3066 3040 3377 3129 premissis
3406 3041 3693 3107 omnibus

917 3163 980 3212 et
1003 3147 1262 3235 singulis
1285 3147 1575 3212 adversus
1591 3145 1952 3231 hujusmodi
1974 3145 2237 3211 lesiones
2266 3145 2316 3211 si
2346 3145 2459 3210 lesi
2480 3144 2712 3210 fuerint
2744 3183 2757 3196 ·
2788 3145 2857 3209 in
2878 3143 3194 3233 integrum
3215 3145 3597 3211 restituimus
3614 3145 3694 3210 ad

919 3251 1256 3316 terminum
1287 3275 1396 3317 seu
1434 3250 1730 3316 terminos
1768 3249 2066 3314 omissum
2105 3263 2171 3315 et
2214 3248 2469 3314 omissos
2512 3262 2575 3314 et
2612 3249 2777 3336 ipsos
2805 3250 3179 3316 sufficientes
3208 3252 3422 3317 titulos
3451 3277 3689 3318 assecu-

920 3356 1116 3423 cionis
1147 3371 1211 3422 et
1239 3356 1718 3445 apropriacionis
1749 3355 1915 3421 dicte
1943 3356 2206 3422 rectorie
2235 3355 2595 3421 exhibuisse
2626 3371 2689 3421 et
2718 3357 3056 3422 ostendisse
3079 3371 3142 3422 et
3170 3357 3466 3445 legitimis
3496 3359 3693 3424 titulis

922 3462 1194 3527 munitos
1224 3487 1352 3528 esse
1383 3462 1764 3528 declaramus
1777 3462 2103 3548 justosque
2126 3475 2191 3527 et
2219 3461 2546 3528 canonicos
2565 3486 2934 3549 possessores
2964 3463 3128 3530 dicte
3146 3465 3405 3530 rectorie
3428 3465 3613 3531 fuisse
3632 3481 3697 3532 et

921 3593 1049 3634 esse
1079 3583 1143 3634 et
1171 3568 1448 3658 legitime
1478 3570 1740 3635 eandem
1763 3581 2067 3634 assecutos
2095 3592 2224 3634 esse
2247 3592 2392 3634 cum
2414 3568 2539 3632 suis
2551 3568 2800 3653 juribus
2829 3582 2893 3635 et
2921 3570 3321 3656 pertinenciis
3350 3571 3653 3638 universis
3679 3611 3692 3623 ·

921 3677 1238 3762 dictasque
1267 3676 1608 3743 sentencias
1637 3690 1701 3742 et
1729 3678 1976 3743 decreta
2004 3689 2068 3740 et
2097 3675 2397 3761 quicquid
2426 3699 2511 3740 ex
2551 3675 2700 3763 ipsis
2739 3690 3021 3742 secutum
3068 3676 3363 3743 exitterat
3389 3701 3584 3743 cassas
3611 3677 3695 3742 ir·-

921 3781 1068 3846 ritas
1095 3806 1320 3848 vacuas
1347 3782 1562 3848 inanes
1601 3795 1666 3848 et
1701 3782 1902 3847 nullas
1935 3819 1949 3834 ·
1982 3783 2349 3867 dictumque
2392 3781 2749 3847 institutum
2776 3783 3023 3847 nullum
3044 3784 3152 3869 jus
3180 3807 3291 3849 seu
3318 3783 3573 3849 titulum
3608 3808 3694 3850 ex

920 3887 1384 3973 presentacione
1413 3887 1790 3954 admiscione
1818 3886 2217 3952 institucione
2246 3887 2476 3952 habere
2504 3887 2607 3952 vel
2635 3887 2923 3954 habuisse
2947 3927 2959 3940 ·
2980 3890 3461 3977 pronunciamus
3482 3890 3551 3955 in
3571 3890 3695 3956 hiis

921 3993 1164 4080 scriptis
1183 3994 1438 4080 justicia
1463 3996 1796 4061 mediante.
1885 3996 1962 4060 In
1988 4019 2253 4080 quorum
2284 3995 2565 4060 omnium
2594 4009 2658 4062 et
2686 3995 3073 4085 singulorum
3101 3999 3525 4066 testimonium
3557 4025 3696 4090 pre-

921 4115 1122 4166 sentes
1149 4101 1357 4168 literas
1385 4102 1590 4191 sigillo
1619 4118 1827 4169 nostro
1857 4104 2126 4192 signatas
2156 4103 2339 4169 dictis
2367 4103 2569 4168 Priori
2600 4118 2663 4170 et
2692 4107 3029 4171 conventui
3059 4107 3399 4174 rectoribus
3438 4109 3695 4174 ecclesie

921 4209 1257 4276 memorate
1288 4209 1368 4274 ad
1397 4223 1758 4297 perpetuam
1787 4209 1878 4274 rei
1906 4208 2269 4275 memoriam
2288 4207 2425 4273 fieri
2453 4207 2712 4274 fecimus
2734 4223 3013 4297 patentes
3042 4223 3105 4278 et
3131 4211 3199 4276 in
3216 4212 3409 4278 fidem
3439 4213 3695 4300 premis-

923 4339 1149 4381 sorum.
1239 4315 1406 4380 Data
1453 4316 1621 4404 apud
1671 4316 1915 4404 Maglas
1961 4355 1976 4368 ·
2023 4315 2137 4380 xvi
2186 4354 2200 4368 ·
2242 4315 2344 4382 die
2394 4317 2656 4382 menscis
2706 4318 2749 4382 J
2752 4318 2989 4384 anuarii
3024 4345 3187 4386 anno
3240 4321 3479 4386 domini
3513 4360 3526 4372 ·
3558 4333 3649 4386 m⁰
3682 4359 3695 4372 ·

921 4434 1098 4488 cccm⁰
1132 4461 1144 4473 ·
1186 4421 1700 4511 quinquagesimo
1724 4423 1987 4511 septimo
2017 4437 2081 4489 et
2108 4422 2506 4511 pontificatus
2534 4423 2727 4488 nostri
2756 4441 2992 4490 octavo

3576 4533 3698 4602 IV.
