4295 5410
2234 567 2441 639 xlviii

2245 860 2418 934 VII.

2064 1064 2209 1163 [Ἐκ
2242 1064 2549 1166 Qssahtm]

946 1328 950 1338 .
1131 1272 1399 1339 Overint
1425 1272 1699 1338 universi
1717 1297 1827 1361 per
1855 1286 2168 1361 presentes
2196 1299 2297 1340 me
2328 1274 2747 1363 Margaretam
2761 1274 2982 1342 White
3013 1273 3091 1339 de
3122 1273 3367 1339 Dublin
3398 1288 3713 1339 tenentem

1171 1378 1250 1443 de
1290 1378 1753 1466 Calganestoun
1780 1378 1849 1443 in
1880 1378 2175 1465 parochia
2218 1393 2283 1445 et
2326 1378 2605 1444 dominio
2650 1379 2731 1445 de
2776 1380 2833 1444 le
2878 1380 3251 1445 Newcastell
3300 1380 3369 1443 in
3412 1380 3713 1445 comitatu

943 1483 1188 1547 Dublin
1217 1482 1286 1547 in
1315 1506 1470 1569 pura
1497 1482 1818 1547 viduetate
1847 1505 1986 1545 mea
2013 1481 2230 1548 fecisse
2262 1482 2573 1549 ordinasse
2602 1497 2668 1549 et
2708 1483 2775 1548 in
2802 1484 2943 1550 loco
2972 1508 3111 1549 meo
3140 1483 3411 1571 posuisse
3456 1484 3714 1549 dilectos

941 1614 1112 1656 meos
1155 1589 1486 1654 Matheum
1530 1587 1731 1652 Blake
1777 1587 1853 1652 de
1899 1585 2144 1652 Dublin
2190 1602 2596 1653 mercatorem
2642 1588 2707 1653 N
2706 1588 3022 1652 icholaum
3066 1587 3359 1653 Patricke
3405 1588 3483 1653 de
3524 1588 3712 1653 New·

942 1696 1153 1762 castell
1171 1694 1462 1783 'predicta
1491 1694 1786 1760 clericum
1815 1694 1858 1758 J
1860 1694 2171 1759 ohannem
2212 1693 2484 1783 Cabrige
2530 1695 2609 1760 de
2652 1695 2870 1761 eadem
2915 1708 2979 1760 et
3022 1694 3065 1761 J
3068 1694 3377 1759 ohannem
3422 1693 3589 1769 Davi
3634 1693 3713 1759 de

941 1790 1158 1867 eadem
1188 1825 1358 1867 meos
1387 1824 1566 1866 veros
1594 1815 1658 1865 et
1700 1800 2014 1888 legitimos
2059 1814 2404 1867 attur-natos
2446 1802 2833 1888 conjunctim
2863 1815 2928 1868 et
2955 1802 3207 1867 divisim
3236 1825 3381 1867 cum
3410 1812 3713 1887 potestate

941 1907 1356 1973 substituendi
1407 1907 1523 1972 sub
1573 1930 1638 1971 se
1683 1919 1747 1971 et
1775 1928 1992 1970 eorum
2023 1906 2307 1992 quolibet
2348 1932 2548 1972 unum
2577 1908 2681 1974 vel
2722 1908 2930 1996 plures
2974 1920 3358 1973 atturnatum
3386 1906 3490 1971 vel
3516 1920 3711 1971 attur-

940 2029 1117 2078 natos
1151 2013 1231 2078 ad
1259 2036 1500 2077 sursum
1533 2013 1921 2078 reddendum
1949 2028 2153 2079 totum
2182 2039 2395 2080 meum
2424 2015 2682 2081 titulum
2725 2030 2789 2080 et
2825 2015 2988 2100 juris
3031 2014 3337 2081 clameum
3368 2036 3489 2099 que
3518 2012 3713 2078 habui

941 2142 1052 2183 seu
1079 2117 1280 2183 habeo
1312 2118 1455 2203 jure
1485 2117 1862 2183 hereditario
1891 2117 1960 2182 in
1988 2131 2053 2184 et
2081 2119 2159 2184 de
2191 2120 2481 2186 omnibus
2508 2120 2871 2209 messuagiis
2900 2120 3079 2185 terris
3107 2118 3477 2185 tenementis
3504 2118 3715 2185 reddi-

940 2225 1109 2289 tibus
1158 2238 1224 2289 et
1268 2224 1546 2289 serviciis
1591 2249 1737 2290 cum
1789 2225 1914 2290 suis
1963 2224 2365 2311 pertinenciis
2414 2225 2483 2290 in
2536 2225 2939 2314 Calganiston
2986 2226 3267 2313 predicta
3313 2226 3381 2290 in
3427 2225 3713 2291 manibus

942 2330 1182 2395 domini
1209 2330 1374 2417 regis
1403 2329 1485 2394 ad
1514 2354 1695 2393 usum
1724 2342 1788 2393 et
1817 2329 2151 2393 comodum
2180 2327 2561 2393 honorabilis
2592 2342 2655 2393 et
2682 2328 2958 2416 religiosi
2994 2327 3115 2391 viri
3158 2327 3448 2393 Nicholai
3492 2328 3714 2415 prioris

942 2434 1164 2501 domus
1215 2435 1522 2501 Omnium
1575 2435 1944 2501 Sanctorum
1994 2434 2188 2519 juxta
2236 2434 2485 2500 Dublin
2530 2449 2593 2501 et
2644 2435 2924 2519 ejusdem
2978 2434 3198 2499 domus
3256 2447 3600 2499 conventus
3650 2452 3717 2499 et

941 2562 1361 2605 successorum
1392 2562 1646 2602 suorum
1677 2561 1920 2602 necnon
1951 2537 2032 2602 ad
2060 2537 2331 2602 eundem
2376 2537 2657 2603 Priorem
2700 2538 2954 2603 nomine
2994 2563 3105 2603 suo
3142 2552 3208 2605 et
3246 2555 3588 2607 conventus
3616 2541 3714 2610 sui.

939 2644 1205 2733 predicti
1233 2644 1300 2709 in
1331 2658 1646 2710 tenentem
1677 2644 1754 2711 de
1786 2644 2213 2732 Calganstoun
2245 2644 2525 2732 predicta
2554 2644 3013 2712 admittendum
3050 2658 3115 2710 et
3157 2644 3406 2734 plenam
3447 2660 3513 2713 et
3548 2645 3715 2734 paci-

939 2753 1122 2818 ficam
1160 2753 1606 2839 possessionem
1647 2766 1711 2818 et
1749 2752 2008 2818 liberam
2053 2753 2343 2817 seisinam
2386 2754 2728 2819 eorundem
2773 2755 3259 2842 messuagiorum
3303 2768 3605 2820 terrarum
3648 2767 3715 2820 et

941 2873 1440 2924 tenementorum
1493 2883 1638 2924 cum
1689 2859 1815 2924 suis
1864 2858 2267 2946 pertinenciis
2316 2859 2385 2924 in
2435 2860 2861 2948 Calganstoun
2907 2860 3187 2946 predicta
3242 2860 3608 2925 tradendam
3648 2875 3715 2926 et

941 2963 1360 3031 liberandam·
1389 2966 1764 3032 Habendam
1788 2980 1852 3030 et
1881 2965 2215 3031 tenendam
2239 2966 2476 3054 prefato
2500 2966 2702 3032 Priori
2725 2980 2791 3032 et
2810 2969 3148 3033 conventui
3178 2983 3241 3034 et
3264 2969 3713 3035 successoribus

940 3071 1064 3136 suis
1107 3072 1450 3136 secundum
1497 3072 1872 3137 uniformem
1925 3086 1990 3137 et
2036 3072 2415 3137 laudabilem
2466 3073 2983 3139 consuetudinem
3030 3075 3290 3139 manerii
3342 3088 3406 3140 et
3449 3075 3713 3140 dominii

939 3173 1204 3262 predicti
1233 3200 1345 3263 per
1373 3175 1631 3242 servicia
1660 3175 1829 3242 dicto
1860 3174 2114 3240 domino
2156 3176 2289 3264 regi
2340 3191 2403 3240 et
2446 3177 2897 3244 successoribus
2940 3179 3066 3243 suis
3107 3179 3257 3244 inde
3287 3180 3497 3246 debita
3526 3195 3591 3246 et
3633 3183 3712 3248 de

933 3279 1078 3363 jure
1106 3293 1399 3344 consueta
1425 3279 1742 3345 reddenda
1770 3279 2236 3367 imperpetuum
2258 3317 2271 3331 ·
2303 3295 2507 3348 ratum
2536 3296 2601 3346 et
2628 3297 2875 3370 gratum
2903 3284 3239 3350 habentem
3266 3299 3331 3351 et
3357 3286 3712 3354 habituram

943 3383 1246 3469 quicquid
1273 3383 1427 3449 dicti
1457 3387 1752 3450 atturnati
1783 3398 1846 3450 et
1874 3407 2089 3450 eorum
2119 3385 2389 3471 quilibet
2414 3386 2631 3452 fecerit
2658 3388 2761 3453 vel
2788 3388 3053 3454 fecerint
3093 3389 3161 3456 in
3188 3391 3500 3478 premissis
3528 3393 3715 3460 sicuti

943 3513 1061 3576 ego
1090 3490 1326 3576 prefata
1347 3491 1703 3580 Margareta
1731 3515 1978 3579 presens
2005 3505 2071 3556 et
2111 3491 2519 3579 personaliter
2560 3493 2797 3559 ibidem
2840 3495 3197 3561 interessem
3240 3520 3353 3584 per
3379 3511 3714 3584 presentes,

943 3593 1022 3658 In
1045 3595 1222 3680 cujus
1243 3595 1334 3660 rei
1358 3596 1780 3662 testimonium
1803 3595 2192 3683 presentibus
2220 3597 2498 3686 sigillum
2518 3621 2729 3664 meum
2760 3600 3038 3687 apposui.
3080 3600 3317 3666 Datum
3339 3602 3713 3670 duodecimo

940 3699 1044 3766 die
1073 3701 1448 3767 Novembris
1487 3727 1650 3768 anno
1695 3703 1874 3792 regni
1920 3702 2084 3792 regis
2134 3703 2399 3770 Henrici
2442 3704 2691 3792 septimi
2730 3705 3023 3772 vicesimo
3066 3707 3714 3778 terci0.-Re00rdm³⁸

944 3808 1135 3885 Book,
1166 3834 1228 3898 p.
1263 3831 1404 3878 202.

3512 4465 3709 4531 VIII.
