4295 5410
2255 647 2350 716 94

2213 864 2387 939 VII.

990 1051 1376 1152 [Quuotsffl.
1463 1048 1615 1131 OEht
1650 1050 1885 1137 grauun
1918 1048 1984 1118 of
2017 1047 2118 1129 thr
2151 1041 2455 1133 enallage
2490 1044 2663 1135 ginta
2696 1042 2781 1131 1¹9
2818 1042 2948 1125 this
2984 1041 3205 1130 πῖαρ,
3244 1064 3358 1137 34.
3398 1036 3606 1137 alia]

1045 1228 1234 1294 Ciant
1261 1236 1574 1314 presentes
1613 1236 1678 1287 et
1721 1220 1918 1287 futuri
1947 1222 2118 1307 quod
2156 1245 2269 1285 nos
2300 1221 2579 1287 Thomas
2612 1218 2875 1307 Smythe
2918 1217 3117 1302 major
3145 1214 3417 1282 civitatis
3456 1214 3701 1281 Dublin

1089 1332 1398 1421 Georgius
1429 1329 1698 1417 Kenedy
1727 1344 1792 1395 et
1827 1330 1870 1394 J
1873 1329 2146 1394 ohannes
2176 1327 2387 1395 Milles
2417 1327 2814 1395 vicecomites
2854 1326 3136 1412 ejusdem
3174 1324 3450 1391 civitatis
3484 1348 3699 1390 comu-

913 1443 1074 1508 nitas
1104 1453 1170 1506 et
1197 1438 1366 1505 cives
1406 1437 1572 1502 dicte
1617 1435 1888 1502 civitatis
1921 1474 1933 1486 ·
1968 1435 2255 1500 dedimus
2298 1434 2711 1501 concessimus
2750 1444 2815 1498 et
2851 1432 2969 1498 hac
2998 1431 3270 1519 presenti
3298 1444 3469 1497 carta
3494 1444 3705 1496 nostra

915 1546 1239 1611 indentata
1266 1542 1769 1609 confirmavimus
1797 1542 2049 1607 Adamo
2079 1542 2305 1607 Loftus
2348 1567 2516 1609 sacre
2546 1540 2895 1629 Theologie
2938 1539 3177 1606 doctori
3207 1537 3703 1626 Archiepiscopo

885 1634 1164 1717 'Dublin
1193 1665 1258 1716 et
1284 1651 1473 1736 hujus
1517 1650 1696 1737 regni
1721 1649 2028 1715 Hibernie
2058 1650 2428 1716 cancellario
2448 1649 2763 1738 preposito
2783 1648 3036 1737 collegii
3060 1660 3268 1713 sancte
3291 1660 3356 1711 et
3376 1644 3704 1710 individue

919 1755 1248 1821 Trinitatis
1266 1755 1458 1841 juxta
1487 1755 1731 1821 Dublin
1762 1782 1798 1821 a
1827 1757 2214 1823 serenissima
2243 1759 2497 1824 domina
2524 1757 2773 1847 Regina
2799 1756 3132 1822 Elizabeth
3159 1753 3405 1819 fundati
3435 1753 3617 1819 sociis
3642 1766 3708 1819 et

917 1861 1253 1929 scolaribus
1282 1863 1562 1948 ejusdem
1591 1863 1842 1951 collegii
1877 1877 2074 1930 totam
2115 1866 2373 1932 domum
2416 1866 2683 1931 fundum
2728 1866 2953 1931 scitum
2998 1864 3304 1929 ambitum
3334 1875 3399 1927 et
3426 1860 3704 1949 precinc-

919 1980 1058 2031 tum
1085 1990 1287 2053 nuper
1314 1968 1620 2055 prioratus
1663 1969 1795 2035 sive
1839 1972 2061 2037 domus
2089 1974 2381 2061 religiose
2415 1974 2724 2040 Omnium
2758 1973 3127 2040 Sanctorum
3155 1971 3347 2056 juxta
3385 1968 3706 2034 civitatem

917 2071 1262 2158 predictam
1290 2072 1358 2136 in
1393 2073 1694 2139 comitatu
1738 2075 1905 2142 dicte
1947 2076 2219 2143 civitatis
2263 2092 2327 2144 et
2368 2079 2531 2144 infra
2573 2079 2950 2145 franchesias
2993 2076 3273 2163 ejusdem
3316 2074 3589 2141 civitatis
3630 2098 3705 2141 ac

917 2175 1106 2239 etiam
1129 2189 1322 2241 totam
1346 2176 1670 2243 ecclesiam
1691 2190 1754 2243 et
1775 2180 2163 2245 semitorium
2178 2183 2479 2268 ejusdem.
2532 2184 2796 2250 Necnon
2827 2184 3038 2249 omnia
3064 2183 3326 2272 gardina
3352 2183 3564 2248 hortos
3591 2207 3703 2271 po·

917 2280 1112 2346 meria
1139 2294 1316 2369 prata
1341 2294 1621 2369 pasturas
1650 2296 2006 2350 tenementa
2035 2298 2099 2350 et
2126 2285 2621 2351 hereditamenta
2648 2300 2859 2353 nostra
2894 2287 3101 2353 eidem
3131 2286 3347 2351 domui
3377 2286 3510 2352 siue
3539 2286 3703 2374 prio·

919 2384 1082 2450 ratui
1119 2386 1416 2473 contigua
1452 2401 1517 2452 et
1555 2387 1904 2472 adjacentia
1937 2413 2138 2477 nuper
2168 2389 2466 2477 parcellas
2505 2390 2960 2477 possessionum
2998 2390 3265 2479 predicti
3302 2415 3503 2479 nuper
3536 2391 3701 2479 prio-

919 2508 1086 2557 ratus
1125 2516 1197 2558 ac
1235 2493 1515 2558 redditus
1557 2506 1622 2559 et
1655 2495 2041 2561 reverciones
2073 2497 2415 2563 eorundem
2450 2497 2613 2563 sicut
2644 2521 2709 2563 se
2746 2499 3101 2564 extendunt
3132 2497 3202 2562 in
3244 2498 3639 2587 longitudine
3668 2522 3707 2563 a

919 2622 1140 2686 campo
1192 2612 1413 2664 vocato
1466 2600 1711 2687 anglice
1764 2601 2040 2689 Hoggen
2087 2602 2297 2669 Grene
2348 2628 2433 2669 ex
2478 2617 2653 2691 parte
2698 2604 3070 2670 occidentali
3112 2628 3311 2690 usque
3355 2605 3435 2670 ad
3478 2616 3703 2670 terram

919 2731 1121 2796 nuper
1147 2708 1505 2773 monasterii
1534 2709 1714 2774 beate
1758 2709 1962 2776 Marie
2005 2709 2268 2798 virginis
2302 2710 2495 2795 juxta
2538 2710 2785 2776 Dublin
2827 2735 2996 2776 nunc
3035 2710 3103 2774 in
3146 2723 3367 2776 tenura
3394 2711 3437 2777 J
3440 2710 3703 2776 ohannis

921 2812 1194 2901 Dougan
1237 2813 1521 2902 generosi
1557 2837 1642 2878 ex
1681 2827 1856 2901 parte
1901 2813 2188 2878 orientali
2230 2827 2296 2879 et
2338 2814 2499 2880 sicut
2531 2815 2748 2899 jacent
2775 2815 2843 2879 in
2880 2815 3214 2882 latitudine
3244 2841 3281 2882 a
3312 2817 3555 2882 vanella
3582 2841 3705 2904 que

921 2922 1098 2988 ducit
1125 2922 1207 2987 ad
1233 2923 1469 2987 fontem
1503 2920 1715 2987 Sancti
1746 2920 2004 2986 Patricii
2033 2943 2118 2986 ex
2146 2933 2323 3007 parte
2339 2919 2591 2985 australi
2622 2944 2818 3005 usque
2848 2919 2929 2985 ad
2956 2934 3185 2986 terram
3213 2921 3559 3008 predictam
3586 2947 3701 2987 nu-

920 3049 1034 3114 per
1061 3025 1417 3091 monasterii
1450 3027 1628 3090 beate
1645 3023 1848 3089 Marie
1877 3023 2140 3111 virginis
2160 3038 2224 3089 et
2250 3023 2488 3088 flumen
2507 3024 2585 3088 de
2594 3024 2857 3090 Anliffie
2887 3049 2971 3090 ex
2989 3025 3211 3091 boriali
3240 3042 3433 3114 parte.
3502 3028 3705 3094 Saluis

904 3147 986 3199 -et
1023 3155 1265 3219 semper
1292 3131 1472 3198 nobis
1509 3130 1760 3219 prefatis
1805 3129 2028 3215 majori
2057 3142 2122 3195 et
2150 3129 2624 3196 vicecomitibus
2663 3131 3033 3197 comunitati
3074 3145 3139 3198 et
3174 3133 3419 3200 civibus
3464 3149 3529 3200 et
3568 3159 3706 3201 suc-

922 3239 1261 3305 cessoribus
1289 3238 1514 3304 nostris
1541 3237 2003 3325 imperpetuum
2033 3236 2319 3323 exceptis
2357 3249 2422 3302 et
2458 3237 2783 3302 reservatis
2827 3237 3116 3304 omnibus
3152 3252 3218 3304 et
3254 3239 3517 3329 singulis
3544 3243 3708 3308 imu-

924 3343 1225 3409 nitatibus
1283 3343 1595 3431 regalibus
1641 3341 2072 3430 regalitatibus
2111 3342 2503 3408 libertatibus
2547 3342 2893 3430 privilegiis
2931 3343 3473 3429 jurisdictionibus
3522 3348 3711 3413 curiis

923 3449 1504 3538 vicefranciplegiis
1526 3449 1888 3515 franchesiis
1933 3450 2235 3515 custumis
2290 3451 2526 3515 usubus
2572 3449 3133 3538 prescripcionibus
3177 3465 3241 3517 et
3274 3452 3525 3537 juribus
3568 3453 3709 3539 qui-

923 3559 1310 3644 buscumque
1341 3582 1452 3622 nos
1480 3557 1748 3645 predicti
1779 3557 1978 3643 major
2008 3556 2409 3622 vicecomites
2444 3557 2793 3622 comunitas
2822 3571 2887 3622 et
2915 3558 3084 3623 cives
3114 3569 3223 3622 aut
3250 3558 3709 3645 predecessores

924 3666 1120 3731 nostri
1149 3680 1258 3730 aut
1286 3666 1587 3752 separales
1616 3666 2082 3753 corporaciones
2122 3665 2291 3730 infra
2334 3665 2565 3731 dictam
2605 3665 2926 3731 ciuitatem
2969 3666 3271 3731 habemus
3308 3666 3438 3732 sive
3475 3666 3712 3732 habent

923 3772 1028 3838 vel
1056 3785 1200 3837 ante
1228 3771 1346 3837 hec
1381 3771 1714 3838 habuimus
1751 3771 1856 3837 vel
1883 3771 2242 3837 habuerunt
2278 3795 2389 3836 seu
2418 3771 2497 3836 de
2527 3771 2672 3856 jure
2711 3771 2941 3836 habere
2985 3770 3316 3837 debuimus
3344 3771 3450 3838 vel
3477 3772 3708 3838 debue-

925 3890 1075 3942 runt
1103 3877 1599 3963 quibuscumque
1628 3877 1748 3942 viis
1788 3876 2235 3943 donacionibus
2278 3877 2777 3942 concessionibus
2822 3889 2929 3942 aut
2970 3876 3174 3941 modis
3211 3876 3710 3964 quibuscumque

925 3997 990 4050 et
1033 3983 1566 4070 qualitercumque
1606 3983 1770 4049 infra
1814 3984 2074 4048 domum
2111 3982 2381 4047 fundum
2420 3982 2644 4048 scitum
2684 3982 2991 4048 ambitum
3028 3982 3413 4070 precinctum
3450 3985 3711 4072 gardina

926 4103 1118 4182 terras
1148 4103 1502 4156 tenementa
1531 4104 1595 4156 et
1621 4091 2116 4157 hereditamenta
2143 4090 2427 4178 superius
2462 4088 2815 4177 specificata
2844 4103 2952 4154 aut
2979 4113 3093 4177 per
3119 4113 3231 4154 nos
3260 4114 3546 4156 concessa
3574 4093 3709 4157 abs-

927 4221 1049 4282 que
1080 4196 1209 4262 ulla
1246 4196 1684 4266 molestacione
1728 4198 2217 4264 contradictione
2258 4210 2366 4263 aut
2401 4197 2854 4284 impedimento
2892 4196 3157 4284 predicti
3186 4197 3483 4284 prepositi
3512 4196 3709 4263 socio-

925 4329 1067 4370 rum
1084 4318 1150 4370 et
1165 4305 1493 4371 scolarium
1521 4319 1584 4370 et
1613 4331 1828 4371 eorum
1857 4330 2294 4373 successorum.
2366 4304 2678 4371 Habenda
2706 4317 2771 4369 et
2799 4303 3070 4369 tenenda
3086 4303 3431 4391 predictam
3450 4303 3707 4368 domum

923 4411 1193 4476 fundum
1221 4411 1447 4476 scitum
1477 4410 1782 4477 ambitum
1812 4424 1877 4477 et
1904 4411 2294 4499 precinctum
2324 4434 2395 4476 ac
2423 4421 2629 4476 cetera
2656 4408 2923 4497 premisa
2954 4409 3265 4498 (exceptis
3287 4408 3706 4497 preexceptis)

3468 4513 3702 4603 prefato
