4295 5410
1959 635 2048 704 55

1902 881 2104 954 LVI.

1806 1067 1921 1141 we
1956 1071 2177 1140 eoum.

798 1255 862 1320 N
862 1257 1075 1322 iversis
1101 1280 1350 1346 presens
1379 1258 1678 1345 scriptum
1704 1257 2074 1344 inspecturis
2095 1257 2320 1322 Petrus
2350 1255 2473 1321 Dei
2502 1259 2711 1343 gracia
2740 1255 3113 1320 Ossoriensis
3140 1256 3373 1343 episco-

840 1386 957 1449 pus
993 1375 1268 1428 eternam
1305 1363 1374 1427 in
1405 1363 1680 1428 Domino
1721 1364 1999 1429 salutem.
2087 1362 2355 1428 Noverit
2390 1360 2761 1426 universitas
2798 1375 3000 1426 vestra
3034 1386 3145 1427 nos
3175 1363 3375 1426 divini

608 1468 829 1533 amoris
857 1469 1092 1533 intuitu
1121 1469 1362 1536 dedisse
1401 1472 1764 1538 concessisse
1811 1483 1876 1537 et
1913 1471 2032 1536 hac
2069 1471 2343 1559 presenti
2371 1482 2537 1534 carta
2574 1481 2783 1534 nostra
2818 1467 3205 1533 confirmasse
3236 1467 3374 1532 Deo

604 1587 667 1638 et
696 1574 952 1640 ecclesie
984 1575 1287 1640 Omnium
1320 1576 1688 1643 Sanctorum
1702 1578 1894 1664 juxta
1915 1578 2161 1644 Dublin
2183 1591 2248 1643 et
2275 1575 2589 1643 canonicis
2619 1575 2855 1641 ibidem
2885 1574 3023 1639 Deo
3053 1574 3373 1639 servienti-

603 1680 720 1743 bus
765 1679 1118 1765 porcionem
1166 1694 1440 1746 nostram
1485 1681 1646 1768 prati
1675 1681 1754 1747 de
1783 1679 2077 1748 Kenturk
2123 1692 2305 1746 extra
2333 1678 2577 1744 Dublin
2610 1715 2622 1728 ·
2652 1677 2845 1744 Salvo
2883 1676 3027 1762 jure
3072 1676 3373 1742 heredum

605 1783 938 1849 Vincencii
967 1797 1032 1850 et
1061 1784 1246 1850 salvis
1274 1786 1490 1852 decem
1519 1786 1732 1852 solidis
1773 1787 2016 1874 argenti
2045 1810 2201 1873 quos
2228 1785 2553 1852 Willelmo
2583 1786 2661 1851 de
2692 1785 3006 1874 Rumesye
3056 1787 3377 1852 annuatim

604 1890 810 1974 quoad
831 1890 1065 1956 vixerit
1091 1889 1160 1955 in
1182 1890 1426 1956 duobus
1450 1891 1598 1956 anni
1615 1891 1896 1956 terminis
1917 1891 2295 1978 persolvent·
2308 1889 2707 1956 medietatem
2736 1889 3032 1956 videlicet
3051 1889 3120 1954 in
3137 1889 3376 1956 Pascha

605 2010 668 2058 et
696 1994 880 2060 aliam
924 1995 1322 2060 medietatem
1351 1995 1420 2059 in
1449 1994 1604 2061 festo
1637 1994 1852 2060 Sancti
1879 1995 2227 2062 Michaelis.
2319 1994 2408 2060 Et
2441 2007 2515 2058 ut
2540 1993 2659 2060 hec
2704 2007 2913 2059 nostra
2940 1995 3201 2060 donacio
3246 2009 3378 2060 rata

604 2101 684 2165 sit
711 2115 776 2165 et
803 2100 1040 2166 stabilis
1084 2123 1222 2166 eam
1252 2099 1552 2187 presentis
1595 2098 1810 2188 scripti
1837 2099 2195 2164 testimonio
2222 2113 2287 2165 et
2313 2099 2505 2187 sigilli
2534 2100 2727 2166 nostri
2756 2101 3149 2188 apposicione
3194 2103 3374 2166 robo-

603 2206 892 2271 ravimus,
980 2205 1126 2272 Hiis
1155 2205 1414 2270 testibus
1445 2243 1459 2255 ·
1492 2203 1745 2268 domino
1777 2203 1852 2268 R.
1885 2202 2100 2268 Priore
2133 2203 2360 2270 Sancte
2392 2203 2719 2268 Trinitatis
2752 2242 2763 2252 ·
2796 2204 3089 2292 magistro
3120 2204 3197 2269 G.
3230 2229 3373 2270 can·

605 2312 853 2378 cellario
887 2311 1100 2377 Sancti
1129 2311 1386 2378 Patricii
1419 2362 1432 2376 .
1464 2310 1720 2376 domino
1752 2310 1830 2376 G.
1865 2325 2014 2376 tunc
2043 2310 2480 2378 archidiacono
2510 2310 2753 2376 Dublin
2786 2349 2798 2360 ·
2830 2310 3125 2398 magistro
3154 2310 3259 2374 W.
3293 2310 3369 2373 de

605 2417 931 2482 Wintonia
965 2456 976 2467 ·
1009 2417 1116 2482 W.
1149 2417 1228 2481 de
1257 2415 1435 2482 Villa
1465 2415 1836 2480 Colomanni
1865 2428 1930 2480 et
1957 2415 2108 2480 aliis.

1875 2762 2114 2836 LVII.

1443 2950 1556 3024 ³1³2
1598 2948 1944 3047 [turbatis]
1989 2954 2163 3041 §uxta
2195 2949 2529 3043 fyuglas.

795 3140 1072 3207 Niversis
1117 3152 1325 3205 sancte
1364 3140 1576 3205 matris
1621 3140 1878 3205 ecclesie
1906 3139 2052 3204 filiis
2099 3139 2178 3204 ad
2208 3162 2361 3224 quos
2398 3162 2647 3226 presens
2694 3138 2992 3225 scriptum
3021 3139 3372 3227 pervenerit

839 3247 1125 3313 dominus
1145 3246 1510 3311 Remundus
1528 3246 1804 3312 Lamboc
1825 3246 2004 3310 miles
2032 3246 2295 3311 salutem
2324 3260 2597 3311 eternam
2621 3247 2687 3311 in
2708 3247 3000 3312 Domino.
3032 3248 3144 3313 Ad
3172 3262 3372 3313 vestre

603 3354 1022 3419 universitatis
1071 3353 1366 3419 noticiam
1407 3353 1694 3418 volumus
1741 3352 2068 3440 pervenire
2112 3376 2227 3417 nos
2264 3352 2404 3417 Deo
2450 3365 2515 3417 et
2552 3354 2730 3418 beate
2762 3352 2963 3419 Marie
3010 3366 3074 3419 et
3118 3354 3373 3419 ecclesie

605 3460 908 3525 Omnium
941 3460 1308 3526 Sanctorum
1345 3462 1535 3545 juxta
1581 3460 1824 3527 Dublin
1871 3474 1935 3525 et
1979 3460 2292 3526 canonicis
2331 3460 2567 3527 ibidem
2615 3461 2754 3526 Deo
2800 3461 3209 3527 servientibus
3260 3485 3371 3549 pro

605 3569 798 3633 salute
829 3568 1032 3633 anime
1061 3592 1199 3633 mee
1228 3582 1292 3633 et
1321 3568 1524 3633 anime
1555 3568 1763 3635 Alicic
1795 3570 1946 3633 Bret
1972 3568 2189 3633 uxoris
2227 3593 2365 3634 mee
2400 3582 2463 3634 et
2492 3568 2813 3634 animabus
2843 3568 3031 3654 patris
3070 3581 3135 3631 et
3162 3568 3373 3633 matris

603 3696 738 3737 mee
768 3686 832 3736 et
860 3686 1310 3738 antecessorum
1340 3687 1404 3739 et
1431 3698 1848 3740 successorum
1888 3700 2171 3741 meorum
2201 3676 2441 3741 dedisse
2478 3687 2543 3741 et
2572 3675 2935 3740 concessisse
2965 3676 3034 3738 in
3062 3698 3279 3762 puram
3310 3688 3374 3739 et

603 3792 966 3864 perpetuam
993 3779 1390 3844 elemosinam
1436 3781 1890 3847 usumfructum
1941 3782 2354 3847 turbariarum
2402 3804 2679 3846 mearum
2714 3781 2781 3844 in
2830 3792 3185 3845 tenemento
3232 3806 3371 3844 meo
3456 3850 3460 3855 ,

595 3884 785 3967 juxta
813 3882 869 3947 F
868 3884 1106 3972 ynglas.
1195 3886 1296 3951 Ita
1337 3885 1574 3952 scilicet
1602 3888 1772 3972 quod
1801 3888 1954 3954 dicti
1984 3888 2268 3954 canonici
2298 3888 2491 3954 libere
2530 3888 2660 3951 sine
2691 3886 2861 3950 omni
2890 3887 3375 3952 contradictione

602 4003 667 4053 et
695 3989 1141 4077 impedimento
1181 3990 1453 4057 habeant
1497 4004 1561 4057 et
1588 3992 1841 4056 fodeant
1870 3991 1947 4058 de
1984 3992 2167 4058 dictis
2206 3990 2496 4056 turbariis
2542 3990 2764 4055 nostris
2811 3991 3131 4055 annuatim
3161 3994 3371 4057 turbas

603 4096 682 4159 ad
709 4096 1152 4161 sufficienciam
1190 4098 1470 4162 omnium
1502 4097 1828 4162 domorum
1856 4096 2133 4163 flatrum.
2225 4098 2367 4185 Ego
2396 4120 2545 4162 vero
2575 4095 2890 4184 predictus
2922 4096 2997 4159 R.
3022 4110 3085 4162 et
3114 4098 3371 4163 heredes

601 4200 726 4265 mei
756 4200 938 4265 dictis
966 4201 1279 4268 canonicis
1307 4201 1470 4267 hanc
1497 4202 1898 4269 elemosinam
1927 4216 2202 4269 nostram
2232 4216 2447 4268 contra
2475 4227 2688 4269 omnes
2708 4203 2993 4270 homines
3022 4219 3086 4270 et
3114 4205 3372 4269 seminas

603 4307 1154 4373 warentizabimus.
1242 4308 1330 4373 Et
1358 4321 1431 4374 ut
1457 4309 1574 4375 hec
1613 4324 1821 4375 nostra
1849 4310 2110 4375 donacio
2150 4322 2215 4375 et
2242 4310 2556 4375 concessio
2585 4324 2717 4375 rata
2744 4322 2810 4377 et
2844 4294 3209 4377 inconcussa
3235 4336 3371 4398 per-

600 4424 848 4476 maneat
875 4411 942 4475 in
971 4424 1286 4499 posterum
1315 4436 1564 4501 presens
1591 4414 1890 4502 scriptum
1939 4413 2128 4503 sigilli
2159 4414 2349 4481 nostri
2382 4414 2782 4503 impressione
2822 4415 3370 4482 corroboravimus.

3229 4522 3373 4587 Hiis
