4295 5410
2292 603 2329 652 2

920 762 1265 827 senciarum
1301 759 1470 847 juste
1509 773 1574 826 et
1612 761 1909 828 canonice
1948 763 2220 850 possidet
2251 802 2264 814 ·
2296 776 2406 829 aut
2449 763 2518 828 in
2554 763 2835 829 futurum
2880 763 3273 830 concessione
3320 766 3689 853 pontificum

917 870 1254 957 largicione
1293 893 1512 958 regum
1550 869 1652 935 vel
1682 871 2038 959 principum
2078 871 2399 937 oblacione
2428 871 2711 936 fidelium
2758 895 2866 937 seu
2905 871 3040 936 aliis
3060 871 3247 958 justis
3292 872 3493 936 modis
3523 896 3690 960 pres-

919 989 1090 1040 tante
1119 975 1399 1039 Domino
1426 975 1658 1062 poterit
1694 975 1955 1063 adipisci
1989 1015 2001 1027 ·
2033 976 2214 1040 firma
2258 975 2437 1042 vobis
2481 975 2824 1061 vestrisque
2858 975 3307 1042 successoribus
3352 991 3418 1042 et
3453 977 3695 1044 illibata

921 1093 1338 1168 permaneant.

1048 1187 1126 1252 In
1171 1188 1398 1272 quibus
1435 1187 1553 1255 hec
1597 1188 1864 1276 propriis
1899 1187 2199 1254 duximus
2246 1187 2659 1276 exprimenda
2694 1186 3013 1252 vocabulis
3046 1225 3059 1238 ·
3092 1186 3335 1254 Locum
3373 1189 3583 1277 ipsum
3622 1193 3689 1254 in

921 1317 1046 1379 quo
1074 1294 1312 1381 prefata
1354 1291 1614 1360 ecclesia
1657 1293 1775 1359 sita
1824 1306 1917 1360 est
1945 1319 2090 1360 cum
2138 1295 2428 1361 omnibus
2456 1293 2856 1382 pertinenciis
2900 1293 3026 1358 suis
3059 1331 3071 1344 ·
3104 1293 3427 1360 ecclesiam
3478 1295 3691 1361 Sancti

922 1399 1180 1487 Georgii
1203 1397 1388 1464 sitam
1405 1399 1474 1462 in
1486 1398 1791 1464 >suburbio
1813 1397 2084 1464 civitatis
2094 1398 2340 1465 Dublin
2358 1421 2502 1464 cum
2513 1398 2730 1463 decem
2753 1397 2908 1463 acris
2926 1397 3004 1462 ad
3025 1397 3222 1485 ipsam
3242 1400 3687 1486 spectantibus·

915 1506 1304 1593 mesuagium
1335 1505 1652 1590 quoddam
1683 1505 1872 1569 situm
1893 1505 2086 1590 juxta
2133 1505 2459 1572 ecclesiam
2494 1505 2709 1571 Sancti
2742 1503 3066 1592 Stephani.
3152 1506 3253 1570 De
3284 1505 3685 1594 Balidogaill·

919 1611 998 1674 de
1017 1610 1467 1699 Balicongolan
1499 1647 1512 1661 ·
1545 1611 1624 1676 de
1645 1611 2007 1678 Keldronan
2033 1650 2046 1663 ·
2079 1612 2158 1678 de
2178 1611 2580 1678 Cnoclislenn
2603 1610 2783 1676 villas
2812 1634 2957 1675 cum
2988 1610 3275 1675 omnibus
3293 1611 3693 1697 pertinenciis

921 1715 1045 1780 suis
1078 1754 1090 1766 ·
1123 1715 1202 1781 de
1233 1716 1515 1804 Canturg
1547 1754 1560 1766 ·
1593 1715 1672 1781 de
1701 1716 2076 1782 Duncernac
2109 1756 2120 1766 -
2154 1731 2218 1782 et
2247 1717 2325 1782 de
2356 1716 2730 1782 Riboannan
2774 1715 3062 1804 grangias
3110 1739 3255 1780 cum
3294 1716 3692 1804 pertinenciis

919 1847 1166 1888 earum·
1199 1823 1476 1888 Insulam
1501 1825 1714 1890 Sancti
1738 1824 2074 1890 Salvatoris
2092 1826 2173 1890 de
2192 1825 2607 1891 Glindelacha
2633 1848 2777 1891 cum
2807 1823 3095 1888 omnibus
3117 1823 3599 1910 possessionibus
3628 1843 3693 1888 et

921 1929 1320 2017 pertinenciis
1358 1929 1484 1994 suis
1517 1968 1530 1980 ·
1563 1931 1974 2020 quadraginta
2009 1955 2177 1998 acras
2224 1933 2367 1997 sitas
2396 1932 2465 1996 in
2492 1931 2803 1996 territorio
2832 1928 2910 1994 de
2940 1928 3436 1994 Donenachbroc
3481 1953 3694 1994 versus

922 2037 1276 2123 aquilonem
1310 2074 1323 2086 ·
1355 2059 1600 2101 necnon
1630 2035 1778 2101 alias
1808 2036 2217 2124 possessiones
2244 2050 2477 2102 vestras
2505 2059 2650 2102 cum
2679 2033 2871 2122 pratis
2898 2032 3099 2098 vineis
3128 2033 3305 2098 terris
3334 2033 3691 2098 nemoribus

921 2143 1196 2232 usuagiis
1232 2155 1296 2209 et
1324 2144 1565 2231 pascuis
1596 2142 1665 2208 in
1693 2144 1878 2210 bosco
1916 2159 1980 2209 et
2008 2145 2195 2232 plano
2225 2144 2292 2209 in
2324 2143 2499 2230 aquis
2536 2157 2600 2209 et
2628 2140 3002 2208 molendinis
3028 2141 3098 2206 in
3120 2139 3240 2205 viis
3268 2152 3333 2206 et
3359 2139 3594 2205 semitis
3632 2154 3695 2205 et

923 2253 1210 2318 omnibus
1239 2251 1375 2317 aliis
1403 2251 1794 2319 libertatibus
1821 2265 1887 2318 et
1905 2252 2407 2319 immunitatibus
2436 2251 2580 2316 suis.

1054 2360 1216 2427 Sane
1263 2359 1583 2424 novalium
1628 2371 1975 2424 vestrorum
2004 2383 2126 2444 que
2156 2357 2422 2446 propriis
2466 2356 2754 2422 manibus
2798 2352 2902 2418 vel
2931 2351 3281 2439 sumptibus
3332 2349 3535 2414 colitis
3568 2387 3580 2400 ·
3613 2348 3692 2413 de

922 2467 1148 2554 quibus
1179 2465 1400 2550 aliquis
1427 2466 1728 2531 hactenus
1757 2489 1884 2528 non
1913 2464 2227 2552 percepit·
2260 2463 2392 2529 sive
2422 2463 2500 2528 de
2532 2474 2878 2527 vestrorum
2907 2457 3270 2524 animalium
3300 2455 3694 2521 nutrimentis

920 2572 1128 2637 nullus
1157 2596 1194 2635 a
1221 2569 1399 2635 vobis
1429 2569 1699 2635 decimas
1727 2569 1983 2656 exigere
2012 2569 2114 2635 vel
2143 2582 2516 2654 extorquere
2547 2577 2877 2655 presumat.

1048 2677 1268 2743 Liceat
1297 2699 1545 2763 quoque
1573 2673 1751 2740 vobis
1779 2672 2032 2739 clericos
2060 2673 2165 2739 vel
2193 2672 2381 2739 laicos
2411 2672 2637 2738 liberos
2659 2686 2723 2737 et
2752 2669 3061 2736 absolutos
3090 2693 3125 2735 e
3147 2668 3354 2735 seculo
3382 2667 3692 2756 fugientes

921 2785 1000 2850 ad
1021 2782 1489 2850 conversionem
1517 2782 1791 2869 recipere
1825 2820 1838 2832 ·
1871 2806 1942 2847 ac
1972 2804 2074 2847 eos
2105 2782 2337 2867 absque
2366 2779 2857 2847 contradictione
2888 2777 3097 2863 aliqua
3123 2776 3408 2842 retinere.
3470 2774 3691 2839 Prohi-

917 2894 1138 2957 bemus
1165 2888 1419 2975 insuper
1447 2902 1519 2952 ut
1545 2886 1703 2951 nulli
1743 2886 2004 2951 fratrum
2033 2902 2381 2951 vestrorum
2411 2901 2552 2974 post
2579 2886 2807 2951 factam
2833 2884 2904 2948 in
2943 2883 3201 2949 ecclesia
3228 2894 3433 2947 vestra
3459 2880 3692 2968 profes-

920 2996 1160 3060 sionem
1187 2992 1277 3057 fas
1305 2992 1386 3057 sit
1401 2991 1534 3056 sine
1557 2990 1790 3055 Prioris
1820 2990 1917 3055 sui
1945 2989 2209 3055 licencia
2229 3028 2241 3040 ·
2262 2989 2383 3055 nisi
2414 2988 2663 3055 arcioris
2692 2986 3013 3075 religionis
3042 2988 3303 3051 obtentu
3326 3024 3338 3035 ·
3364 2986 3443 3050 de
3472 2984 3692 3050 eodem

917 3102 1055 3167 loco
1084 3100 1400 3166 discedere
1429 3098 1850 3164 discedentem
1889 3122 2038 3163 vero
2077 3098 2311 3183 absque
2346 3098 2777 3163 communium
2807 3097 3126 3161 literarum
3164 3107 3508 3160 vestrarum
3545 3116 3691 3158 cau-

917 3208 1096 3273 cione
1123 3206 1332 3271 nullus
1361 3204 1588 3270 audeat
1614 3203 1900 3269 retinere.

1047 3310 1214 3374 Cum
1243 3322 1451 3373 autem
1479 3307 1766 3396 generale
1787 3306 2193 3371 interdictum
2222 3320 2383 3371 terre
2411 3305 2604 3371 fuerit
2633 3305 2818 3371 liceat
2837 3304 3015 3370 vobis
3045 3303 3268 3370 clausis
3288 3304 3499 3389 januis
3534 3340 3545 3352 ·
3577 3327 3689 3369 ex-

916 3416 1101 3480 clusis
1119 3412 1677 3480 excommunicatis
1696 3426 1761 3477 et
1782 3411 2129 3477 interdictis
2143 3450 2156 3461 ·
2169 3434 2297 3475 non
2319 3410 2579 3497 pulsatis
2600 3409 2915 3497 campanis
2932 3449 2945 3461 ·
2960 3432 3283 3497 suppressa
3304 3433 3458 3475 voce
3477 3409 3691 3474 divina

921 3522 1124 3588 officia
1143 3521 1453 3587 celebrare
1479 3557 1492 3570 ·
1513 3517 1854 3583 dummodo
1875 3539 2123 3583 causam
2144 3538 2272 3580 non
2295 3513 2592 3580 dederitis
2609 3514 2960 3580 interdicte.
3008 3514 3251 3580 Crisma
3271 3538 3420 3580 vero
3443 3554 3456 3566 ·
3482 3516 3689 3580 oleum

919 3639 1200 3692 sanctum
1233 3664 1245 3677 ·
1277 3622 1773 3691 consecraciones
1801 3620 2088 3685 altarium
2117 3643 2229 3685 seu
2246 3619 2655 3685 Basilicarum
2688 3658 2700 3670 ·
2734 3619 3159 3686 ordinaciones
3188 3621 3553 3687 clericorum
3583 3623 3692 3707 qui

923 3736 1001 3801 ad
1018 3757 1218 3800 sacros
1240 3732 1485 3797 ordines
1499 3729 1734 3796 fuerint
1755 3728 2168 3817 promovendi
2196 3766 2208 3778 ·
2234 3752 2271 3793 a
2288 3726 2617 3793 diocesano
2646 3726 2990 3814 suscipietis
3020 3727 3311 3815 episcopo
3337 3766 3349 3777 ·
3382 3726 3693 3812 siquidem

922 3840 1261 3909 catholicus
1279 3837 1465 3903 fuerit
1485 3850 1550 3902 et
1569 3835 1841 3924 graciam
1859 3847 1923 3899 et
1943 3832 2449 3899 communionem
2470 3846 2850 3898 sacrosancte
2874 3832 3155 3897 Romane
3186 3832 3347 3898 sedis
3368 3832 3658 3898 habuerit
3678 3872 3689 3882 ·

922 3962 986 4012 et
1013 3970 1088 4012 ea
1113 3944 1292 4010 vobis
1319 3941 1589 4008 voluerit
1616 3941 1748 4006 sine
1769 3939 2074 4028 pravitate
2105 3938 2316 4024 aliqua
2340 3938 2661 4004 exhibere.
2717 3936 3130 4003 Prohibemus
3151 3937 3405 4025 insuper
3432 3952 3506 4003 ut
3532 3937 3697 4002 infra

922 4054 1078 4117 fines
1105 4049 1395 4139 parochie
1436 4061 1640 4113 vestre
1683 4046 1892 4111 nullus
1937 4045 2069 4110 sine
2116 4068 2363 4111 assensu
2393 4044 2705 4110 diocesani
2734 4044 3006 4131 episcopi
3037 4056 3102 4109 et
3138 4057 3344 4109 vestro
3390 4044 3693 4131 capellam

925 4184 1035 4225 seu
1064 4157 1399 4224 oratorium
1419 4156 1498 4222 de
1517 4179 1684 4221 novo
1711 4166 2065 4221 construere
2096 4154 2337 4220 audeat.
2390 4152 2592 4220 Salvis
2619 4151 2964 4240 privilegiis
2993 4150 3362 4239 pontificum
3380 4151 3694 4217 Romano-

923 4290 1080 4331 rum.
3688 4320 3693 4325 ,

1059 4369 1456 4459 Sepulturam
1487 4391 1734 4454 quoque
1761 4366 1956 4455 ipsius
1984 4366 2107 4434 loci
2136 4367 2397 4433 liberam
2437 4388 2565 4433 esse
2597 4362 2983 4430 decernimus
3019 4376 3093 4429 ut
3128 4386 3344 4429 eorum
3374 4362 3694 4429 devotioni

3629 4484 3691 4533 et
