4295 5410
2270 575 2309 643 8

911 780 976 830 et
1002 778 1282 829 extreme
1311 751 1620 826 voluntati
1639 758 1748 844 qui
1766 781 1829 823 se
1853 754 1985 820 illic
2015 753 2263 843 sepeliri
2282 752 2764 818 deliberaverint
2784 789 2797 802 ·
2822 751 2943 817 nisi
2972 751 3130 816 forte
3160 749 3698 816 excommunicati

912 872 1014 936 vel
1051 868 1370 934 interdicti
1409 867 1534 932 sint
1565 905 1579 918 ·
1612 879 1722 931 aut
1759 865 1957 930 eciam
1994 862 2248 951 publice
2288 861 2553 928 usurarii
2585 899 2599 914 ·
2630 860 2841 925 nullus
2886 858 3161 926 obsistat.
3252 856 3441 923 Salva
3486 871 3697 923 tamen

907 977 1162 1062 justicia
1189 976 1438 1040 illarum
1467 972 1863 1039 ecclesiarum
1896 996 1932 1036 a
1961 971 2188 1057 quibus
2233 984 2621 1036 mortuorum
2658 992 2916 1056 corpora
2952 977 3348 1034 assumuntur
3378 1001 3394 1018 ·
3428 964 3699 1031 decimas

919 1100 1197 1171 preterea
1242 1094 1306 1148 et
1333 1079 1740 1169 possessiones
1787 1077 1866 1143 ad
1886 1078 1992 1164 jus
2037 1076 2435 1143 ecclesiarum
2462 1088 2809 1141 vestrarum
2855 1085 3203 1162 spectantes
3236 1109 3249 1124 ·
3283 1095 3405 1157 que
3451 1095 3490 1137 a
3526 1069 3701 1136 laicis

922 1189 1282 1254 detinentur
1325 1182 1676 1250 redimendi
1704 1196 1770 1248 et
1797 1181 2079 1270 legitime
2107 1181 2418 1248 liberandi
2450 1182 2529 1247 de
2574 1180 2865 1246 manibus
2906 1204 3123 1246 eorum
3154 1217 3170 1232 ·
3202 1190 3267 1244 et
3306 1179 3386 1243 ad
3412 1177 3703 1244 ecclesias

922 1295 1002 1359 ad
1031 1317 1182 1379 quas
1211 1291 1527 1379 pertinent
1552 1288 1887 1354 revocandi
1919 1326 1933 1339 ·
1965 1288 2164 1353 libera
2192 1289 2273 1353 sit
2300 1288 2479 1354 vobis
2502 1289 2580 1354 de
2609 1303 2819 1355 nostra
2847 1287 3214 1355 auctoritate
3242 1287 3520 1354 facultas,

1051 1399 1344 1464 Obeunte
1373 1420 1522 1461 vero
1551 1408 1614 1462 te
1643 1419 1812 1461 nunc
1841 1394 2123 1480 ejusdem
2152 1395 2277 1461 loci
2311 1395 2527 1460 Priore
2555 1395 2659 1461 vel
2688 1409 2941 1460 tuorum
2971 1395 3258 1482 quolibet
3284 1415 3707 1460 successorum

922 1510 1130 1576 nullus
1151 1508 1242 1574 ibi
1264 1506 1543 1594 qualibet
1563 1502 1973 1591 surrepcionis
1995 1501 2232 1568 astucia
2251 1525 2363 1567 seu
2382 1501 2692 1568 violencia
2707 1515 3085 1589 preponatur
3106 1539 3119 1552 ·
3139 1499 3261 1564 nisi
3284 1523 3471 1585 quem
3490 1499 3707 1564 fiatres

925 1614 1242 1680 communi
1271 1634 1576 1678 consensu
1603 1610 1708 1677 vel
1733 1609 1994 1674 fratrum
2032 1608 2233 1694 major
2261 1633 2401 1697 pars
2447 1608 2690 1674 consilii
2722 1608 2979 1675 sanioris
3013 1645 3026 1658 ·
3057 1608 3109 1672 si
3157 1607 3238 1673 ad
3266 1631 3371 1673 eos
3401 1607 3713 1672 duntaxat

927 1719 1158 1785 Prioris
1187 1730 1423 1806 spectat
1450 1717 1673 1782 electio
1704 1753 1718 1768 ·
1751 1715 2094 1781 secundum
2113 1715 2327 1781 Deum
2356 1727 2421 1781 et
2446 1713 2617 1780 beati
2632 1714 2981 1803 Augustini
3010 1713 3292 1802 regulam
3320 1711 3711 1801 providerint

925 1827 1302 1916 eligendum.

1054 1931 1205 1996 Paci
1235 1953 1483 2016 quoque
1522 1941 1587 1993 et
1615 1926 2050 2012 tranquillitati
2080 1940 2283 1992 vestre
2312 1939 2570 2014 paterna
2596 1927 2661 1992 in
2694 1940 3009 2015 posterum
3048 1925 3469 1992 sollicitudine
3497 1925 3707 2013 provi-

925 2040 1069 2104 dere
1097 2037 1376 2102 volentes
1416 2031 1782 2100 auctoritate
1811 2031 2147 2118 apostolica
2178 2030 2579 2118 prohibemus
2625 2044 2699 2096 ut
2742 2030 2906 2096 infra
2933 2030 3244 2096 clausuras
3273 2029 3550 2095 locorum
3598 2053 3707 2094 seu

925 2142 1322 2232 grangiarum
1352 2154 1697 2206 vestrarum
1725 2137 1934 2202 nullus
1964 2137 2247 2224 rapinam
2276 2161 2385 2202 seu
2406 2137 2649 2202 furtum
2668 2137 2870 2203 facere
2901 2175 2917 2188 ·
2946 2136 3163 2224 ignem
3192 2159 3503 2223 apponere
3528 2175 3543 2187 ·
3576 2159 3713 2200 san-

922 2247 1179 2335 guinem
1197 2245 1459 2312 fundere
1485 2282 1498 2297 ·
1519 2243 1842 2309 hominem
1871 2255 2104 2308 temere
2133 2265 2353 2329 capere
2382 2241 2487 2306 vel
2514 2241 2863 2308 interficere
2895 2279 2911 2295 ·
2942 2266 3052 2308 seu
3080 2242 3455 2309 violenciam
3486 2244 3711 2310 audeat

925 2377 1270 2420 excercere.

1054 2460 1344 2524 Preterea
1383 2478 1595 2520 omnes
1623 2454 1939 2521 libertates
1975 2467 2042 2520 et
2067 2452 2495 2521 immunitates
2532 2479 2569 2521 a
2594 2455 3130 2543 predecessoribus
3158 2459 3381 2524 nostris
3410 2459 3709 2526 Romanis

925 2562 1338 2630 Pontificibus
1366 2560 1624 2628 ecclesie
1653 2575 1854 2626 vestre
1883 2583 2201 2628 concessas
2232 2599 2247 2612 ·
2278 2584 2524 2627 necnon
2552 2561 2868 2630 libertates
2898 2577 2963 2628 et
2989 2565 3431 2652 exempciones
3474 2567 3709 2633 secula-

923 2673 1088 2738 rium
1116 2669 1518 2738 exactionum
1546 2693 1583 2735 a
1610 2668 1862 2757 regibus
1891 2681 1955 2735 et
1976 2669 2365 2757 principibus
2396 2707 2411 2724 ·
2444 2670 2547 2736 vel
2569 2670 2705 2736 aliis
2726 2669 3017 2738 fidelibus
3044 2671 3505 2739 racionabiliter
3532 2673 3709 2740 vobis

923 2776 1197 2843 indultas
1227 2775 1594 2841 auctoritate
1623 2776 1960 2863 apostolica
1995 2776 2433 2843 confirmamus
2466 2815 2480 2829 ·
2512 2792 2577 2843 et
2603 2779 2906 2865 presentis
2934 2780 3148 2868 scripti
3179 2780 3512 2870 privilegio
3540 2806 3709 2848 com·

926 2882 1260 2947 munimus.
1307 2881 1718 2947 Decernimus
1747 2906 1897 2970 ergo
1926 2896 1999 2947 ut
2027 2882 2187 2947 nulli
2218 2884 2475 2949 omnino
2496 2884 2827 2950 hominum
2848 2885 3035 2951 liceat
3056 2886 3359 2973 prefatam
3388 2887 3710 2954 ecclesiam

927 3005 1158 3055 temere
1189 2989 1546 3075 perturbare
1579 3025 1592 3038 ·
1625 3002 1734 3053 aut
1771 2988 1906 3073 ejus
1933 2988 2343 3075 possessiones
2391 2990 2631 3056 auferre
2662 3029 2677 3043 ·
2708 2991 2813 3056 vel
2842 2992 3074 3057 ablatas
3116 2992 3387 3058 retinere
3430 2993 3713 3060 minuere

928 3120 1038 3161 seu
1085 3093 1469 3181 quibuslibet
1512 3092 1964 3160 vexacionibus
1991 3093 2253 3182 fatigare
2284 3131 2298 3146 ·
2331 3096 2442 3161 sed
2471 3096 2682 3160 omnia
2718 3096 2963 3185 integra
3006 3112 3450 3163 conserventur
3494 3123 3712 3165 eorum

928 3227 1042 3291 pro
1065 3226 1330 3288 quorum
1357 3198 1817 3289 gubernacione
1847 3224 1918 3265 ac
1947 3199 2401 3265 sustentacione
2430 3222 2719 3266 concessa
2747 3215 2893 3267 sunt
2920 3200 3135 3267 usibus
3164 3202 3539 3268 omnimodis
3568 3228 3710 3292 pro-

928 3310 1138 3374 futura
1157 3346 1170 3359 ·
1207 3307 1394 3373 Salva
1421 3305 1584 3371 sedis
1613 3305 1946 3393 apostolice
1977 3305 2343 3371 auctoritate
2372 3320 2437 3371 et
2459 3306 2772 3372 diocesani
2800 3306 3079 3395 episcopi
3106 3308 3405 3380 canonica
3422 3309 3681 3395 justicia
3697 3350 3712 3363 ·

932 3440 1002 3481 ac
1030 3414 1098 3479 in
1127 3411 1423 3501 predictis
1453 3410 1711 3478 decimis
1739 3410 2167 3477 moderatione
2197 3411 2449 3478 concilii
2476 3411 2800 3500 generalis.

1059 3520 1132 3586 Si
1161 3544 1284 3606 qua
1319 3518 1514 3607 igitur
1551 3518 1620 3583 in
1647 3518 1931 3584 futurum
1970 3519 2384 3587 ecclesiastica
2421 3521 2792 3586 secularisve
2827 3545 3091 3608 persona
3119 3521 3281 3589 hanc
3318 3536 3525 3589 nostre
3561 3548 3708 3591 con·

935 3626 1282 3693 stitucionis
1312 3626 1606 3713 paginam
1645 3624 1842 3690 sciens
1872 3638 2089 3689 contra
2115 3648 2255 3690 eam
2280 3638 2510 3690 temere
2555 3624 2771 3690 venire
2811 3626 3212 3713 temptaverit
3244 3666 3257 3678 ·
3288 3628 3561 3694 secundo
3590 3644 3712 3696 ter-

935 3734 1114 3799 ciove
1143 3730 1521 3798 commonita
1557 3730 1682 3795 nisi
1709 3744 1952 3795 reatum
1990 3753 2173 3795 suum
2212 3754 2489 3818 congrua
2524 3730 2941 3797 satisfactione
2978 3733 3322 3799 correxerit
3351 3773 3365 3787 ·
3396 3734 3716 3822 potestatis

934 3840 1186 3906 honoris
1205 3840 1392 3923 [que]
1417 3836 1514 3900 sui
1543 3848 1749 3901 careat
1771 3834 2078 3923 dignitate
2111 3872 2124 3885 ·
2157 3856 2451 3918 reamque
2480 3856 2544 3898 se
2576 3832 2794 3898 divino
2813 3833 3060 3919 judicio
3088 3835 3356 3901 existere
3386 3837 3465 3902 de
3492 3860 3713 3925 perpe-

935 3960 1095 4013 trata
1119 3944 1450 4030 iniquitate
1479 3956 1812 4031 cognoscat
1841 3980 1856 3993 ·
1889 3954 1954 4007 et
1981 3966 2018 4007 a
2046 3941 2453 4007 sacratissimo
2482 3965 2739 4029 corpore
2778 3966 2849 4007 ac
2878 3942 3179 4031 sauguine
3209 3942 3331 4009 Dei
3361 3957 3425 4009 et
3454 3944 3716 4011 Domini

935 4050 1340 4138 redemptoris
1367 4048 1560 4114 nostri
1588 4049 1788 4115 Jhesu
1810 4048 2048 4115 Christi
2077 4048 2281 4115 aliena
2306 4049 2417 4115 fiat
2448 4088 2461 4103 ·
2488 4061 2675 4134 atque
2704 4049 2773 4114 in
2802 4062 3087 4115 extremo
3113 4049 3407 4115 examine
3436 4050 3713 4118 districte

933 4159 1069 4245 Subj
1077 4169 1250 4223 aceat
1295 4155 1542 4221 ultioni.
1631 4155 1894 4222 Cunctis
1944 4168 2155 4221 autem
2210 4155 2417 4221 eidem
2461 4154 2600 4220 loco
2656 4178 2771 4220 sua
2810 4155 2959 4241 jura
3014 4154 3403 4221 servantibus
3460 4156 3541 4222 sit
3584 4182 3713 4246 pax

937 4263 1198 4329 Domini
1227 4262 1422 4328 nostri
1441 4261 1640 4327 Jhesu
1671 4262 1907 4328 Christi
1937 4300 1952 4315 ·
1985 4262 2279 4349 quatinus
2306 4275 2373 4329 et
2398 4262 2505 4328 hic
2532 4261 2808 4328 fructum
2834 4262 2999 4327 bone
3029 4260 3288 4327 actionis
3316 4262 3667 4351 percipiant
3696 4302 3711 4315 ·

933 4382 998 4436 et
1027 4366 1196 4455 apud
1224 4364 1573 4431 districtum
1595 4362 1878 4452 judicem
1906 4365 2146 4453 premia
2174 4379 2385 4432 eterne
2417 4364 2586 4453 pacis
2614 4364 2945 4434 inveniant
2964 4404 2979 4419 ·
3008 4366 3221 4433 Amen
3246 4406 3260 4418 ·
3291 4367 3523 4435 Amen.
3583 4369 3712 4436 Da·-

3574 4490 3712 4542 tum
