4295 5410
2244 665 2333 736 52

2225 912 2347 985 LI.

908 1099 1022 1174 me
1057 1098 1164 1173 litt
1210 1110 1380 1173 muta
1428 1111 1485 1172 tt
1519 1100 1704 1173 finita
1739 1099 1897 1173 {utet
1927 1099 2225 1192 ῆβτίοτειιι
2272 1111 2329 1172 et
2364 1099 2773 1174 momentum
2810 1097 3145 1172 &muium
3180 1098 3577 1184 §sumtum
3610 1121 3673 1176 tx

911 1239 1046 1294 una
1079 1233 1248 1313 parte
1281 1234 1339 1295 et
1361 1224 1478 1308 fi.
1505 1224 1831 1298 numinum
1860 1225 1931 1295 uz
1951 1223 2198 1314 {buath
2232 1240 2297 1295 tx
2330 1220 2529 1295 alma
2561 1222 2716 1294 εἰπε
2750 1221 3099 1293 manerium
3130 1224 3205 1293 δι
3225 1220 3641 1310 Bambotum.

915 1407 1382 1588 UNiversis
1402 1409 1513 1475 has
1535 1409 1742 1475 literas
1770 1409 1992 1474 visuris
2014 1408 2119 1474 vel
2139 1408 2444 1474 audituris
2465 1407 2806 1475 Nicholaus
2830 1408 2907 1474 de
2931 1408 3184 1475 Houete
3211 1409 3390 1476 miles
3418 1410 3678 1477 salutem

1131 1516 1201 1581 in
1229 1516 1523 1580 Domino,
1613 1514 1776 1581 Cum
1804 1515 1882 1580 lis
1927 1527 2095 1580 mota
2122 1514 2339 1580 fuisset
2368 1514 2607 1580 dudum
2636 1515 2799 1581 inter
2843 1539 2945 1580 me
2973 1529 3289 1604 petentem
3318 1540 3501 1605 super
3547 1541 3677 1582 ma-

914 1623 1160 1690 nerium
1188 1621 1268 1686 de
1298 1618 1664 1708 Balydowel
1693 1642 1836 1684 cum
1883 1618 2007 1682 suis
2052 1617 2451 1705 pertinenciis
2499 1642 2583 1683 ex
2628 1642 2754 1683 una
2789 1633 2963 1706 parte
3008 1633 3074 1684 et
3101 1620 3383 1685 Priorem
3428 1633 3491 1686 et
3532 1643 3677 1686 con-

915 1743 1176 1796 ventum
1201 1727 1461 1794 ecclesie
1492 1727 1796 1793 Omnium
1823 1726 2189 1792 Sanctorum
2212 1726 2404 1811 juxta
2432 1725 2677 1791 Dublin
2705 1750 2789 1791 ex
2819 1725 3026 1791 altera.
3114 1727 3203 1791 Et
3224 1751 3342 1815 ego
3371 1750 3554 1791 omne
3574 1726 3681 1811 jus

913 1849 978 1901 et
1004 1833 1300 1901 clamium
1328 1833 1500 1919 quod
1527 1833 1594 1897 in
1623 1833 1844 1899 eodem
1865 1833 2140 1898 manerio
2163 1834 2355 1901 habui
2377 1833 2479 1899 vel
2499 1834 2728 1901 habere
2756 1834 2937 1922 potui
2964 1859 3108 1899 cum
3128 1834 3254 1899 suis
3282 1833 3680 1922 pertinenciis

917 1967 1030 2030 pro
1059 1965 1160 2006 me
1189 1953 1254 2006 et
1279 1939 1614 2005 heredibus
1642 1938 1797 2004 meis
1826 1937 2060 2004 eisdem
2089 1937 2294 2003 Priori
2323 1951 2387 2003 et
2414 1938 2753 2004 conventui
2782 1952 2846 2004 et
2866 1938 3122 2004 ecclesie
3152 1938 3457 2004 Omnium
3489 1939 3679 2006 Sanc-

917 2063 1124 2113 torum
1174 2045 1450 2134 predicte
1499 2044 1566 2108 in
1617 2057 1988 2132 perpetuum
2038 2043 2383 2108 remiserim
2422 2082 2435 2094 ·
2476 2044 2800 2110 memorati
2841 2045 3024 2109 Prior
3064 2059 3129 2110 et
3173 2058 3516 2111 conventus
3565 2070 3678 2134 pro

917 2153 1135 2219 eadem
1181 2151 1538 2218 remissione
1585 2165 1649 2217 et
1678 2150 1888 2237 quieta
1931 2151 2309 2217 clamacione
2355 2164 2419 2216 et
2445 2174 2559 2238 pro
2587 2152 2754 2217 bono
2784 2150 2952 2239 pacis
2990 2151 3403 2239 quadraginta
3447 2173 3681 2216 marcas

919 2259 1354 2346 sterlingorum
1383 2257 1577 2323 michi
1606 2271 2040 2323 concesserunt
2071 2294 2084 2307 ·
2117 2256 2524 2343 quasquidem
2555 2257 2965 2344 quadraginta
2992 2281 3225 2322 marcas
3253 2281 3354 2322 me
3384 2257 3681 2344 recepisse

919 2391 956 2431 a
981 2363 1276 2453 predictis
1305 2362 1519 2428 Priore
1566 2375 1630 2427 et
1657 2375 1972 2427 conventu
1999 2374 2064 2425 et
2090 2361 2169 2426 de
2198 2360 2320 2426 hiis
2349 2373 2639 2448 pacatum
2684 2385 2785 2426 me
2814 2377 2997 2427 teneo
3041 2362 3433 2427 universitati
3462 2377 3680 2426 notum

918 2469 1078 2536 facio
1106 2482 1310 2534 vestre
1338 2482 1404 2535 et
1432 2467 1510 2533 de
1539 2466 1661 2531 hiis
1691 2465 2100 2554 quadraginta
2134 2465 2358 2532 marcis
2403 2465 2636 2532 eisdem
2665 2466 2867 2532 Priori
2890 2481 2955 2532 et
2981 2467 3319 2533 conventui
3348 2491 3460 2556 pro
3487 2490 3589 2532 me
3618 2484 3685 2532 et

918 2574 1251 2641 heredibus
1289 2573 1442 2639 meis
1480 2573 1763 2659 quietum
1801 2572 2000 2638 clamo
2027 2571 2098 2636 in
2118 2585 2489 2660 perpetuum
2523 2610 2536 2623 ·
2569 2573 2668 2638 Ita
2695 2573 2864 2658 quod
2893 2573 2972 2639 de
3002 2573 3171 2639 dicto
3216 2575 3491 2639 manerio
3538 2597 3681 2638 cum

917 2681 1043 2747 suis
1071 2679 1470 2770 pertinenciis
1507 2703 1624 2747 nec
1654 2680 1732 2746 de
1761 2679 2056 2768 predictis
2085 2679 2496 2768 quadraginta
2523 2679 2743 2747 marcis
2780 2679 3019 2767 aliquid
3049 2680 3303 2770 exigere
3333 2680 3436 2747 vel
3464 2680 3681 2747 vendi-

920 2810 1057 2851 care
1100 2810 1227 2851 non
1255 2785 1597 2873 poterimus
1633 2786 1703 2851 in
1730 2800 2120 2873 perpetuum.
2210 2787 2288 2851 In
2337 2786 2515 2872 cujus
2561 2788 2651 2853 rei
2682 2788 3107 2853 testimonium
3136 2802 3448 2875 presentes
3475 2787 3682 2852 literas

919 2892 1153 2958 eisdem
1175 2892 1380 2957 Priori
1409 2907 1474 2958 et
1499 2892 1838 2959 conventui
1866 2891 2002 2958 fieri
2031 2892 2151 2957 feci
2179 2906 2476 2979 patentes.
2523 2894 2759 2959 Datum
2787 2893 2857 2958 in
2887 2894 3119 2960 octabis
3152 2892 3375 2960 Sancte
3407 2893 3680 2959 Trinita-

919 3000 1002 3065 tis
1031 3023 1193 3065 anno
1219 2998 1398 3088 regni
1424 2998 1589 3087 regis
1617 2996 1882 3063 Henrici
1909 2996 2026 3061 filii
2053 2996 2219 3085 regis
2244 2996 2289 3062 J
2290 2996 2551 3063 ohannis
2579 2998 3093 3087 quinquagesimo
3122 3012 3360 3084 quarto.

2216 3342 2377 3417 LII.

2112 3529 2226 3604 me
2260 3534 2482 3604 eonem.

1087 3719 1282 3785 Ateat
1307 3716 1610 3783 universis
1638 3742 1750 3805 per
1786 3730 2098 3805 presentes
2144 3742 2245 3784 me
2278 3718 2516 3785 Lucam
2552 3718 2613 3784 le
2641 3718 2901 3809 Waleys
2938 3720 3239 3809 recepisse
3270 3720 3349 3788 de
3378 3710 3592 3790 Priore
3622 3737 3687 3790 et

1117 3836 1433 3889 conventu
1478 3821 1698 3887 domus
1738 3820 2041 3886 Omnium
2084 3821 2455 3889 Sanctorum
2494 3826 2686 3911 juxta
2739 3828 2985 3894 Dublin
3029 3829 3259 3917 viginti
3310 3846 3374 3896 et
3420 3848 3685 3918 quatuor

919 3954 1156 3999 marcas
1185 3928 1424 4017 argenti
1451 3952 1564 4016 pro
1585 3928 1710 3995 fine
1726 3929 1890 3996 facto
1919 3953 2104 4019 super
2131 3933 2553 4000 convencione
2582 3936 2843 4002 manerii
2873 3936 2951 4002 de
2981 3936 3294 4026 Balydoyl
3318 3976 3332 3991 ·
3356 3940 3523 4005 unde
3553 3941 3685 4028 pla-

922 4040 1117 4105 citum
1146 4048 1388 4100 motum
1415 4034 1536 4099 fuit
1560 4035 1726 4101 inter
1752 4059 1855 4101 me
1884 4050 1948 4101 et
1973 4036 2140 4123 ipsos
2178 4062 2387 4105 coram
2414 4040 2459 4105 J
2460 4042 2785 4109 usticiariis
2814 4043 2893 4108 de
2922 4044 3135 4110 Banco
3164 4043 3408 4110 Dublin
3437 4045 3517 4111 de
3545 4046 3685 4132 qui-

923 4146 1037 4211 bus
1085 4140 1311 4230 viginti
1340 4154 1604 4227 quatuor
1649 4142 1868 4207 marcis
1897 4142 2094 4208 fateor
2137 4167 2239 4209 me
2287 4170 2415 4212 esse
2450 4147 2636 4235 plene
2665 4162 2954 4237 pacatum
3000 4162 3065 4215 et
3101 4148 3266 4237 ipsos
3294 4148 3576 4217 Priorem
3622 4166 3687 4217 et

923 4262 1302 4317 conventum
1333 4246 1574 4334 quietos
1601 4246 1801 4313 clamo
1829 4262 1895 4314 et
1923 4250 2210 4336 acquieto
2238 4276 2351 4339 per
2377 4266 2704 4340 presentes.
2793 4256 2871 4321 In
2912 4256 3011 4341 cuj
3020 4279 3089 4320 us
3134 4254 3225 4321 rei
3262 4256 3689 4323 testimonium

923 4464 1101 4553 regni
1129 4460 1293 4550 regis
1322 4460 1620 4525 Edwardi
1649 4460 1762 4525 filii
1793 4460 1956 4549 regis
1987 4462 2286 4529 Edwardi
2316 4464 2702 4531 duodecimo.
3508 4554 3669 4619 LIII
