4295 5410
2238 625 2327 694 68

2101 893 2469 969 LXXVI.

1547 1083 1660 1157 Be
1696 1082 1951 1173 triginta
1984 1084 2203 1154 nubem
2236 1083 2399 1157 attis
2433 1083 2600 1174 apuu
2631 1078 3015 1153 fflnmhtnh.

1036 1274 1224 1341 Ciant
1265 1284 1576 1361 presentes
1621 1284 1686 1338 et
1712 1271 1907 1337 futuri
1937 1271 2106 1358 quod
2143 1296 2263 1360 ego
2292 1271 2609 1338 Walterus
2649 1269 2728 1335 de
2766 1266 3161 1333 Ridelesford
3190 1266 3269 1332 de
3316 1289 3562 1334 assensu
3607 1281 3673 1333 et

1077 1402 1378 1446 consensu
1404 1378 1657 1444 Amicie
1685 1379 1900 1444 uxoris
1926 1403 2066 1446 mee
2094 1393 2160 1446 et
2186 1380 2489 1446 heredum
2517 1401 2797 1444 meorum
2820 1376 2967 1442 dedi
2996 1375 3268 1442 concessi
3296 1388 3361 1441 et
3386 1376 3504 1440 hac
3531 1397 3671 1461 pre-

903 1485 1063 1550 senti
1091 1496 1258 1549 carta
1285 1506 1425 1548 mea
1469 1481 1832 1547 confirmavi
1860 1483 2064 1548 Priori
2095 1483 2314 1548 domus
2345 1483 2649 1548 Omnium
2693 1482 3060 1548 Sanctorum
3096 1481 3288 1566 juxta
3321 1477 3563 1544 Dublin
3609 1491 3675 1543 et

903 1589 1215 1657 canonicis
1241 1587 1480 1654 ibidem
1498 1587 1637 1652 Deo
1666 1587 2076 1655 servientibus
2101 1627 2115 1640 ·
2137 1589 2396 1678 triginta
2423 1612 2650 1654 novem
2680 1611 2847 1654 acras
2864 1601 3025 1653 terre
3054 1610 3191 1652 mee
3212 1586 3281 1650 in
3300 1583 3673 1651 Donenahc-

904 1699 1096 1767 broch
1127 1722 1248 1785 que
1277 1696 1590 1784 incipiunt
1617 1697 1695 1763 ab
1725 1719 1886 1782 aqua
1908 1695 1988 1762 de
2014 1695 2237 1784 Dodyr
2258 1719 2469 1762 versus
2492 1695 2736 1762 Dublin
2756 1696 2948 1781 juxta
2973 1693 3209 1782 regiam
3239 1705 3491 1758 stratam
3518 1691 3675 1756 citra

906 1829 1195 1894 ampnem
1223 1825 1435 1868 versus
1463 1800 1708 1867 Dublin
1742 1839 1754 1850 ·
1787 1800 2100 1867 habendas
2145 1813 2211 1866 et
2249 1799 2546 1866 tenendas
2577 1799 2655 1865 de
2682 1822 2785 1864 me
2822 1813 2887 1864 et
2913 1797 3249 1864 heredibus
3277 1796 3432 1862 meis
3460 1795 3580 1860 sibi
3609 1806 3673 1859 et

903 1909 1349 1978 successoribus
1377 1907 1502 1973 suis
1529 1905 1722 1972 libere
1764 1905 1973 1992 quiete
2011 1905 2271 1994 pacifice
2300 1908 2378 1972 ab
2408 1905 2579 1971 omni
2609 1905 2867 1971 seculari
2898 1904 3226 1970 exactione
3254 1915 3321 1969 et
3348 1900 3671 1968 demanda.

907 2017 1252 2084 Reddendo
1281 2039 1394 2103 pro
1425 2013 1591 2080 dicta
1620 2025 1782 2078 terra
1810 2012 2132 2078 annuatim
2160 2012 2320 2076 mihi
2350 2025 2415 2078 et
2434 2012 2768 2078 heredibus
2796 2011 2951 2076 meis
2979 2033 3166 2076 unam
3191 2009 3412 2075 libram
3443 2005 3673 2095 piperis

907 2123 987 2189 ad
1013 2121 1334 2211 potagium
1365 2143 1477 2208 pro
1501 2117 1672 2184 omni
1701 2117 1961 2183 servicio
1990 2130 2054 2183 et
2081 2116 2411 2183 exactione
2440 2116 2717 2182 seculari.

1033 2228 1120 2293 Et
1158 2227 1209 2292 si
1247 2227 1484 2293 ibidem
1529 2225 1788 2314 triginta
1829 2249 2058 2291 novem
2101 2249 2240 2292 acre
2286 2249 2413 2290 non
2450 2223 2687 2290 fuerint
2715 2225 2792 2290 de
2839 2224 3129 2312 proxima
3174 2221 3483 2309 adjacenti
3510 2236 3673 2287 terra

905 2343 1120 2397 teneor
1147 2329 1485 2417 adimplere
1507 2351 1626 2417 ego
1655 2341 1718 2393 et
1734 2326 1994 2393 heredes
2021 2327 2145 2392 mei
2176 2327 2359 2393 dictis
2386 2326 2700 2392 canonicis
2728 2341 2793 2393 et
2821 2328 3025 2392 Priori
3054 2327 3219 2394 dicte
3243 2327 3462 2392 domus
3490 2349 3673 2392 suum

903 2435 1176 2524 plenum.
1267 2434 1356 2500 Et
1383 2458 1501 2523 ego
1530 2449 1594 2500 et
1621 2434 1878 2500 heredes
1906 2434 2032 2500 mei
2059 2435 2293 2501 dictam
2332 2447 2559 2500 terram
2600 2448 2815 2500 contra
2851 2459 3064 2501 omnes
3090 2436 3375 2501 homines
3402 2449 3468 2501 et
3493 2433 3671 2500 femi-

903 2563 1014 2604 nas
1060 2540 1593 2606 warentizabimus
1638 2540 1932 2628 predictis
1962 2542 2166 2607 Priori
2209 2555 2275 2608 et
2322 2541 2654 2608 canonicis.
2743 2543 2832 2608 Et
2878 2557 2953 2608 ut
2987 2543 3106 2609 hec
3150 2567 3290 2608 mea
3318 2541 3577 2608 donacio
3607 2555 3672 2606 et

903 2645 1214 2712 concessio
1255 2658 1385 2711 rata
1421 2659 1486 2711 et
1513 2644 1692 2712 firma
1718 2647 2033 2735 perpetuis
2062 2648 2445 2736 temporibus
2475 2663 2833 2737 permaneat
2859 2672 3107 2738 presens
3146 2649 3445 2737 scriptum
3482 2647 3671 2737 sigilli

903 2753 1028 2817 mei
1057 2751 1402 2817 munimine
1432 2752 1696 2839 dignum
1727 2753 1886 2819 duxi
1931 2755 2366 2820 roborandum.
2456 2755 2602 2820 Hiis
2646 2756 2904 2822 testibus
2939 2795 2951 2809 ·
2985 2756 3239 2821 domino
3269 2754 3561 2820 Eustacio
3590 2754 3669 2818 de

903 2860 1087 2946 Rupe
1113 2898 1126 2909 ·
1152 2858 1368 2924 Haket
1397 2858 1474 2923 de
1507 2858 1896 2926 Ridelesford
1923 2861 2359 2929 archidiacono
2383 2862 2628 2929 Dublin
2654 2902 2667 2915 ·
2691 2864 2735 2929 J
2737 2864 2979 2929 ohanne
3003 2862 3287 2928 Dormod
3313 2859 3665 2927 ·Willehno

904 2965 1076 3032 Albo
1111 3003 1122 3015 ·
1156 2963 1432 3051 Hugone
1462 2964 1539 3028 de
1570 2962 1786 3029 Estam
1819 3002 1832 3015 ·
1865 2964 2178 3032 Hosberto
2208 2965 2336 3031 Cor
2363 2978 2428 3031 et
2455 2963 2669 3029 multis
2696 2965 2847 3031 aliis.

2084 3314 2488 3390 LXXVII.

1996 3500 2109 3574 ³132
2144 3505 2351 3575 tantm
2386 3513 2565 3575 tetra.

1100 3686 1378 3755 Niversis
1403 3688 1525 3755 hoc
1570 3712 1819 3777 presens
1863 3690 2166 3779 scriptum
2202 3692 2425 3757 visuris
2454 3690 2556 3757 vel
2585 3689 2886 3757 audituris
2916 3688 3224 3753 Robertus
3254 3686 3479 3775 Bagod
3504 3686 3671 3753 filius

1144 3809 1209 3862 et
1235 3795 1410 3861 heres
1440 3796 1679 3863 domini
1709 3797 1970 3864 Roberti
2000 3798 2221 3885 Bagod
2252 3797 2511 3864 salutem
2541 3797 2608 3861 in
2632 3795 2925 3861 Domino,
2991 3793 3158 3860 Cum
3184 3794 3375 3860 frater
3395 3793 3671 3882 Nigillus

908 3925 1110 3989 nuper
1130 3901 1310 3967 Prior
1337 3901 1558 3967 domus
1588 3903 1894 3969 Omnium
1914 3903 2285 3970 Sanctorum
2303 3905 2495 3991 juxta
2513 3903 2756 3970 Dublin
2784 3917 2849 3968 et
2876 3900 3154 3987 ejusdem
3184 3900 3307 3966 loci
3328 3914 3673 3967 conventus

907 4004 1258 4069 dimiserint
1284 4006 1696 4071 concesserint
1723 4021 1787 4072 et
1822 4030 1934 4095 per
1970 4007 2271 4095 scriptum
2312 4007 2515 4097 sigillo
2552 4031 2665 4073 suo
2704 4005 3020 4073 communi
3060 4004 3373 4093 signatum
3400 4006 3673 4072 tradide-

909 4107 1035 4203 rint
1061 4108 1342 4195 predicto
1371 4110 1646 4177 Roberto
1685 4113 1847 4201 patri
1875 4138 2016 4180 meo
2044 4127 2282 4203 septem
2312 4140 2478 4181 acras
2506 4129 2668 4181 terre
2697 4138 2842 4181 cum
2884 4113 3282 4203 pertinenciis
3312 4113 3481 4202 apud
3511 4114 3672 4202 Kyl-

907 4210 1248 4299 makergan
1275 4223 1339 4277 et
1361 4214 1770 4302 quadraginta
1797 4240 1965 4282 acras
1986 4230 2144 4283 terre
2176 4242 2320 4283 cum
2350 4218 2637 4284 omnibus
2658 4216 3057 4306 pertinenciis
3079 4218 3204 4283 suis
3225 4218 3294 4283 in
3315 4232 3673 4286 tenemento

909 4316 988 4381 de
1011 4316 1446 4385 Donenalbroc
1477 4358 1488 4368 ·
1524 4344 1561 4385 a
1586 4320 1741 4386 festo
1762 4320 1975 4388 Sancti
2005 4322 2334 4389 Michaelis
2363 4346 2525 4389 anno
2544 4322 2805 4389 Domini
2834 4323 3161 4389 millesimo
3191 4349 3265 4390 cc
3294 4326 3672 4413 octogesimo

909 4435 1126 4489 octavo
1174 4448 1368 4512 usque
1415 4426 1496 4491 ad
1545 4427 1880 4495 terminum
1926 4430 2381 4520 quinquaginta
2426 4454 2729 4497 annorum
2774 4431 3064 4520 proximo
3111 4433 3511 4518 sequencium
3557 4456 3673 4520 pro

3266 4536 3677 4625 quadraginta
