4295 5410
2198 627 2291 700 30

861 785 1076 852 Sancti
1108 785 1438 852 Michaelis
1467 796 1532 852 et
1568 784 1808 852 Pasche
1837 785 2014 871 equis
2055 785 2455 872 porcionibus
2493 795 2559 850 et
2598 783 2763 852 bene
2788 783 2977 852 liceat
3012 782 3309 872 predictis
3338 780 3545 848 Priori
3572 793 3637 846 et

855 892 1198 958 ,conventui
1227 905 1292 957 et
1317 891 1768 958 successoribus
1796 890 1922 956 suis
1951 891 2213 958 durante
2242 891 2509 956 termino
2538 890 2820 978 predicto
2846 890 3059 956 fodere
3088 888 3496 976 saxifragium
3524 911 3633 953 ex-

857 999 1048 1064 istens
1069 997 1138 1062 in
1159 997 1422 1086 gardino
1443 997 1726 1084 predicto
1747 1009 1812 1063 et
1834 999 1911 1063 ab
1934 996 2080 1063 inde
2103 996 2341 1086 lapides
2364 1021 2787 1084 quoscumque
2810 1011 3121 1084 asportare
3150 996 3230 1062 ad
3251 995 3639 1060 voluntatem

861 1127 1035 1170 suam
1064 1128 1209 1169 cum
1231 1104 1444 1169 liberis
1471 1103 1754 1192 ingressu
1783 1115 1848 1170 et
1876 1129 2126 1193 egressu
2152 1105 2223 1170 in
2250 1117 2316 1170 et
2338 1105 2415 1170 de
2445 1104 2708 1193 gardino
2736 1103 3037 1192 predicto.

991 1207 1081 1273 Et
1108 1211 1268 1274 bene
1286 1208 1471 1276 liceat
1497 1210 1778 1297 predicto
1799 1211 1844 1276 J
1845 1211 2077 1278 ohanni
2108 1235 2529 1298 quascumque
2558 1213 2807 1278 arbores
2834 1235 2946 1298 per
2963 1211 3167 1299 ipsum
3198 1208 3505 1297 plantatas
3532 1231 3642 1274 seu

864 1314 1232 1402 plantandas
1259 1339 1444 1403 super
1473 1327 1700 1382 terram
1728 1340 1842 1404 per
1868 1317 2138 1383 eundem
2167 1318 2211 1382 J
2213 1318 2523 1384 ohannem
2552 1330 2978 1405 recuperatam
3016 1340 3127 1382 seu
3156 1314 3641 1402 recuperandam

865 1447 1050 1511 super
1079 1423 1320 1488 dictum
1349 1435 1640 1510 stagnum
1669 1435 1976 1510 asportare
2015 1436 2079 1487 et
2104 1422 2255 1489 inde
2283 1422 2671 1489 voluntatem
2700 1445 2875 1486 suam
2902 1421 3104 1487 facere
3132 1419 3265 1486 sine
3295 1419 3641 1486 contradic-

865 1528 1036 1595 tione
1073 1530 1539 1615 cujuscumque.
1627 1530 1717 1594 Et
1759 1529 1809 1595 si
1847 1529 2173 1616 contingat
2209 1529 2379 1615 quod
2416 1528 2577 1594 absit
2614 1527 2855 1594 dictum
2876 1528 2921 1593 J
2923 1524 3233 1592 ohannem
3281 1526 3441 1590 mori
3482 1524 3646 1590 infra

866 1636 1204 1700 terminum
1232 1635 1585 1724 predictum
1629 1649 1779 1702 tunc
1807 1637 1967 1702 bene
1996 1635 2183 1702 liceat
2209 1635 2463 1723 prefatis
2491 1633 2696 1700 Priori
2724 1633 3067 1700 conventui
3103 1645 3169 1698 et
3196 1631 3646 1698 successoribus

867 1741 992 1808 suis
1020 1742 1088 1806 in
1120 1741 1471 1830 predictum
1513 1741 1847 1829 gardinum
1889 1765 2038 1807 cum
2067 1740 2471 1828 pertinenciis
2512 1739 2745 1805 intrare
2790 1752 2856 1804 et
2884 1738 3045 1803 illud
3072 1762 3219 1804 cum
3247 1736 3649 1826 pertinenciis

867 1845 1164 1910 rehabere
1207 1845 1340 1911 sine
1382 1845 1872 1911 contradictione
1920 1847 2391 1931 cujuscumque.
2480 1843 2569 1908 Et
2596 1843 2862 1932 predicti
2891 1844 3073 1909 Prior
3109 1857 3173 1909 et
3200 1858 3547 1910 conventus
3582 1859 3648 1910 et

870 1974 1244 2016 successores
1273 1951 1369 2016 sui
1399 1951 1637 2017 dictum
1666 1952 2000 2040 gardinum
2038 1976 2185 2018 cum
2213 1950 2615 2039 pertinenciis
2652 1950 2892 2038 prefato
2922 1951 2965 2016 J
2968 1949 3201 2015 ohanni
3232 1951 3495 2016 durante
3524 1963 3646 2014 ter-

871 2058 1042 2123 mino
1072 2059 1351 2146 predicto
1390 2058 1458 2124 in
1486 2059 1684 2126 forma
1712 2060 1994 2148 predicta
2034 2074 2249 2126 contra
2287 2083 2713 2146 quoscumque
2749 2059 3258 2124 warentizabunt.
3346 2057 3426 2122 In
3466 2056 3648 2142 cujus

871 2162 964 2228 rei
1003 2163 1426 2230 testimonium
1456 2179 1582 2231 tam
1613 2167 1892 2255 sigillum
1936 2192 2269 2235 commune
2299 2168 2519 2232 domus
2547 2167 2826 2255 predicte
2856 2190 3045 2252 quam
3074 2164 3353 2254 sigillum
3382 2163 3648 2252 predicti

870 2270 914 2334 J
916 2269 1177 2336 ohannis
1223 2271 1612 2359 presentibus
1658 2272 2008 2338 indenturis
2059 2271 2411 2338 alternatim
2462 2285 2610 2336 sunt
2658 2295 2947 2359 appensa.
3035 2271 3274 2336 Datum
3313 2270 3517 2358 primo
3546 2269 3648 2334 die

873 2376 1153 2464 Augusti
1182 2401 1344 2442 anno
1373 2377 1552 2466 regni
1582 2378 1774 2467 Regis
1805 2378 2070 2446 Henrici
2099 2378 2305 2464 quarti
2334 2377 2705 2445 duodecimo
2742 2392 2809 2444 et
2836 2401 2999 2444 anno
3030 2376 3290 2464 Domini
3320 2375 3649 2442 millesimo

876 2494 1091 2548 cccc¹¹²0
1120 2482 1382 2549 decimo.

2127 2756 2389 2830 XXV.

1652 2974 1658 2981 ·
1717 2943 1806 3015 {a
1840 2942 2128 3032 parochia
2162 2940 2412 3027 aeautti
2447 2942 2800 3033 &nubant

1013 3129 1201 3195 Ciant
1227 3142 1541 3218 presentes
1586 3140 1651 3195 et
1694 3128 1892 3194 futuri
1938 3130 2108 3215 quod
2154 3153 2273 3217 ego
2318 3129 2530 3194 Adam
2571 3128 2895 3195 Fauconer
2940 3127 3214 3195 concessi
3260 3140 3325 3193 et
3370 3127 3653 3215 quietum

1053 3234 1317 3302 clamavi
1355 3234 1560 3300 Priori
1599 3246 1664 3301 et
1708 3234 2047 3301 conventui
2078 3233 2385 3300 Omnium
2418 3234 2787 3300 Sanctorum
2808 3235 3001 3319 juxta
3029 3232 3274 3300 Dublin
3302 3258 3415 3322 pro
3444 3259 3547 3300 me
3592 3248 3658 3303 et

879 3338 1213 3405 heredibus
1240 3338 1394 3404 meis
1422 3361 1622 3402 unum
1651 3336 1974 3402 denarium
2015 3338 2209 3403 annui
2246 3338 2526 3403 redditus
2556 3362 2744 3423 quem
2772 3340 2852 3406 ab
2882 3337 3116 3405 eisdem
3146 3340 3470 3406 annuatim
3498 3340 3655 3406 reci-

883 3467 1030 3531 pere
1076 3442 1371 3509 consuevi
1419 3442 1498 3507 de
1537 3454 1701 3506 terra
1746 3464 1934 3526 quam
1981 3440 2334 3529 Stephanus
2380 3442 2459 3506 de
2504 3441 2567 3507 la
2617 3442 2805 3508 Were
2852 3444 3197 3509 avunculus
3251 3469 3427 3511 meus
3483 3446 3659 3515 dedit

884 3549 1099 3615 domui
1132 3548 1436 3613 Omnium
1469 3547 1840 3613 Sanctorum
1873 3584 1886 3599 ·
1919 3571 2043 3633 que
2073 3548 2331 3634 quidem
2361 3562 2523 3615 terra
2543 3549 2713 3635 jacet
2740 3574 2825 3615 ex
2856 3550 3141 3638 opposito
3180 3552 3381 3618 crucis
3417 3552 3661 3640 lapidee

888 3654 1101 3722 Sancti
1135 3654 1437 3742 Stephani
1465 3678 1549 3719 ex
1578 3666 1752 3741 parte
1779 3654 2021 3719 boriali.
2109 3655 2460 3722 Reddendo
2496 3656 2655 3721 mihi
2688 3670 2754 3722 et
2781 3657 3115 3723 heredibus
3153 3658 3308 3724 meis
3334 3659 3404 3722 in
3432 3658 3659 3723 nativi-

882 3774 1008 3827 tate
1043 3759 1255 3825 Sancti
1283 3759 1326 3823 J
1329 3757 1589 3823 ohannis
1628 3757 1911 3845 Baptiste
1961 3782 2153 3824 unam
2198 3782 2401 3825 rosam
2447 3784 2634 3846 quam
2686 3763 2765 3828 ab
2808 3762 2896 3829 eis
2938 3763 3009 3827 in
3048 3764 3308 3831 ecclesia
3338 3764 3659 3830 Omnium

890 3865 1258 3931 Sanctorum
1303 3864 1576 3953 recipere
1606 3864 1905 3931 debemus
1933 3889 2046 3953 pro
2095 3866 2357 3932 servicio
2404 3868 2663 3933 seculari
2705 3869 3033 3935 exactione
3078 3884 3143 3936 et
3171 3870 3496 3937 demanda.
3582 3871 3663 3936 In

885 3971 1063 4056 cujus
1093 3970 1182 4035 rei
1211 3971 1636 4037 testimonium
1663 3987 2012 4060 presentem
2041 3988 2275 4041 cartam
2312 3976 2503 4064 sigilli
2539 3977 2665 4042 mei
2692 3977 3095 4065 impressione
3122 3978 3429 4046 roboravi.
3516 3980 3663 4045 Hiis

886 4076 1146 4142 testibus
1178 4114 1192 4129 ·
1225 4077 1474 4143 Thoma
1512 4078 1592 4145 de
1619 4079 1941 4168 Wynton:
1987 4094 2140 4147 tunc
2190 4082 2312 4169 maj
2320 4107 2424 4149 ore
2469 4084 2715 4151 Dublin
2740 4124 2753 4137 ·
2776 4085 3156 4175 Reymundo
3202 4086 3261 4152 le
3301 4086 3612 4174 Peytevin
3646 4122 3661 4137 ·

889 4183 1236 4249 Laurencio
1283 4185 1534 4251 scissore
1563 4198 1715 4253 tunc
1743 4188 2073 4276 prepositis
2107 4227 2120 4241 ·
2160 4189 2437 4278 Symone
2468 4191 2723 4258 Unrede
2758 4230 2771 4245 ·
2808 4192 3082 4281 Symone
3114 4192 3336 4259 Stekes
3368 4229 3382 4245 ·
3414 4192 3665 4281 Rogero

890 4289 1116 4357 clerico
1145 4304 1210 4355 et
1237 4290 1450 4356 multis
1479 4290 1635 4357 aliis.

3396 4510 3660 4577 XXVI.
