4295 5410
1915 599 2023 671 xli

585 770 702 838 isse
745 774 812 839 in
855 776 1055 841 forma
1100 802 1222 864 que
1265 778 1562 866 sequitur.
1651 781 1978 847 Universis
2011 781 2247 854 Christi
2300 782 2589 849 fidelibus
2633 784 2713 849 ad
2763 810 3025 871 quorum
3072 788 3365 855 noticiam

583 894 896 965 presentes
939 882 1144 949 littere
1195 884 1596 971 pervenerint
1641 885 1726 949 H.
1760 885 1861 951 dei
1891 885 2102 973 gracia
2131 886 2465 951 Fernensis
2495 886 2750 953 ecclesie
2790 890 3071 957 minister
3113 894 3368 959 humilis

583 1001 859 1054 eternam
889 990 955 1054 in
987 992 1241 1057 domino
1271 993 1533 1059 salutem
1581 1032 1594 1045 ·
1642 994 1872 1059 Vestra
1915 996 2163 1059 noverit
2190 994 2560 1059 universitas
2589 1020 2701 1060 nos
2731 996 2969 1063 dedisse
3000 1013 3065 1064 et
3091 1001 3363 1087 presenti

582 1106 749 1159 carta
778 1096 1168 1163 confirmasse
1200 1097 1390 1185 priori
1435 1113 1498 1164 et
1525 1100 1840 1164 canonicis
1885 1100 2106 1165 domus
2139 1099 2447 1164 Omnium
2494 1100 2863 1166 Sanctorum
2888 1103 3081 1187 juxta
3115 1105 3361 1172 Dublin

582 1199 902 1273 ecclesiam
933 1202 1010 1267 de
1041 1203 1500 1270 Rathmacneth
1543 1229 1688 1270 cum
1717 1205 1842 1270 suis
1873 1205 2273 1294 pertinenciis
2306 1206 2375 1271 in
2405 1204 2687 1295 proprios
2716 1232 2861 1272 usus
2902 1246 2914 1258 ·
2951 1210 3138 1275 Salva
3181 1211 3360 1277 nobis

583 1304 980 1373 ordinacione
1010 1308 1238 1374 vicarie
1268 1310 1358 1376 ita
1407 1311 1578 1396 quod
1621 1310 1825 1376 dictus
1868 1311 2174 1377 vicearius
2221 1312 2419 1377 solvat
2447 1336 2560 1399 pro
2605 1312 2886 1400 predicta
2929 1314 3188 1381 ecclesia
3216 1341 3359 1381 cum

582 1412 706 1476 suis
735 1413 1134 1499 pertinenciis
1162 1416 1397 1483 eisdem
1426 1418 1619 1504 priori
1647 1432 1711 1483 et
1732 1418 2046 1485 canonicis
2077 1418 2356 1505 quinque
2384 1443 2617 1483 marcas
2650 1434 2715 1485 et
2744 1419 3070 1486 dimidiam
3101 1421 3359 1511 singulis

581 1516 758 1581 annis
783 1555 796 1569 ·
827 1518 1224 1584 medietatem
1253 1520 1550 1587 videlicet
1580 1523 1658 1587 ad
1687 1523 1910 1589 festum
1947 1524 2161 1589 Sancti
2194 1524 2524 1590 Michaelis
2553 1538 2617 1589 et
2646 1524 2830 1589 aliam
2850 1526 3249 1591 medietatem
3279 1529 3359 1594 ad

581 1623 885 1688 Pascham
918 1663 931 1676 ·
965 1649 1286 1711 quousque
1315 1625 1510 1713 ipsius
1540 1626 1797 1692 ecclesie
1827 1626 2149 1692 facultates
2178 1627 2575 1693 excreverint
2604 1628 2775 1713 quod
2816 1626 3093 1715 ipsorum
3137 1630 3359 1719 prioris

580 1742 644 1793 et
688 1729 1128 1795 canonicorum
1173 1731 1387 1819 porcio
1433 1732 1627 1819 possit
1678 1733 2066 1821 augmentari
2115 1771 2128 1785 ·
2176 1730 2355 1799 Idem
2401 1758 2550 1799 vero
2580 1732 2884 1800 vicoarius
2932 1735 3010 1800 de
3068 1737 3359 1803 omnibus

581 1838 905 1904 ordinariis
933 1839 1334 1927 respondebit
1363 1852 1427 1904 et
1456 1839 1533 1904 de
1577 1839 2086 1904 extraordinariis
2115 1863 2230 1926 pro
2258 1852 2408 1905 rata.
2496 1840 2575 1904 In
2604 1840 2783 1925 cujus
2806 1840 2897 1905 rei
2930 1840 3355 1907 testimonium

581 1969 828 2032 presens
847 1944 1148 2033 scriptum
1167 1944 1356 2033 sigilli
1373 1944 1567 2011 nostri
1588 1945 1992 2031 impressione
2016 1942 2280 2033 dignum
2305 1946 2604 2011 duximus
2626 1946 3047 2012 roborandum
3077 1948 3157 2011 ad
3178 1948 3356 2034 cujus

578 2054 668 2117 rei
697 2053 1040 2140 pleniorem
1084 2053 1382 2119 noticiam
1436 2053 1784 2118 faciendam
1836 2052 2227 2140 presentibus
2274 2052 2552 2141 sigillum
2596 2067 2878 2117 nostrum
2935 2054 3353 2141 apposuimus,

585 2159 733 2224 Dat.
767 2159 1017 2226 Dublin
1034 2160 1120 2247 vij
1156 2160 1257 2225 die
1274 2160 1517 2248 Aprilis
1547 2185 1710 2225 anno
1741 2161 1981 2225 domini
2010 2160 2370 2226 millessimo
2400 2172 2537 2227 ccc⁰
2570 2160 2867 2228 vicesimo
2896 2185 3083 2226 nono,
3145 2161 3357 2225 Tenor

579 2265 768 2331 tercie
797 2266 1002 2331 littere
1032 2266 1172 2330 talis
1201 2278 1311 2329 est.
1385 2265 1584 2354 [Here
1593 2266 1837 2352 follows
1865 2265 1957 2329 the
1987 2265 2219 2330 charter
2247 2266 2319 2352 of
2339 2265 2465 2351 Bp.
2488 2265 2720 2341 Adam,
2751 2289 2841 2331 see
2870 2265 3094 2351 Reyist.
3127 2287 3189 2350 p.
3223 2266 3347 2353 15.]

580 2374 657 2438 In
688 2398 956 2460 quorum
986 2374 1270 2438 omnium
1301 2385 1365 2437 et
1393 2371 1782 2459 singulorum
1813 2371 2254 2459 premissorum
2284 2371 2713 2437 testimonium
2759 2371 3033 2459 prefatus
3064 2368 3354 2435 dominus

578 2481 858 2546 officialis
887 2480 1057 2547 curie
1093 2479 1340 2545 Dublin
1374 2504 1624 2567 presens
1677 2480 2123 2545 documentum
2172 2479 2303 2545 sive
2354 2478 2839 2543 instrumentum
2886 2475 3213 2565 publicum
3243 2500 3354 2563 per

579 2608 678 2648 me
731 2584 1041 2649 notarium
1089 2584 1506 2671 subscriptum
1536 2596 1600 2648 et
1649 2584 1915 2648 scribam
1947 2608 2130 2648 suum
2170 2582 2238 2647 in
2287 2582 2451 2650 hanc
2480 2582 2799 2671 publicam
2844 2582 3106 2647 formam
3151 2582 3352 2669 redigi

578 2691 855 2758 decrevit
885 2704 1071 2779 atque
1099 2691 1260 2756 illud
1287 2692 1354 2757 in
1384 2692 1645 2757 formam
1675 2691 1993 2780 publicam
2016 2691 2339 2757 redactum
2362 2704 2491 2756 tam
2520 2689 2726 2778 sigillo
2757 2688 2947 2755 officii
2976 2688 3072 2754 sui
3103 2702 3353 2755 aucten-

578 2798 700 2863 tico
730 2800 890 2865 bene
919 2799 1078 2864 mihi
1121 2813 1270 2864 noto
1314 2825 1500 2887 quam
1545 2800 1669 2866 mei
1699 2800 1926 2866 notarii
1957 2800 2140 2888 signo
2185 2814 2483 2866 consueto
2512 2799 2661 2864 fecit
2702 2797 2976 2864 roborari
3018 2797 3353 2862 decernens

577 2905 746 2990 quod
791 2904 940 2970 licet
985 2905 1309 2993 contingat
1350 2905 1418 2969 in
1469 2921 1783 2992 posterum
1838 2905 2114 2994 sigillum
2163 2905 2525 2992 hujusmodi
2573 2903 3015 2992 quoquomodo
3065 2901 3348 2988 corumpi

575 3010 984 3075 nihilominus
1041 3035 1292 3098 presens
1354 3011 1838 3076 instrumentum
1896 3011 1966 3076 in
2024 3036 2134 3077 suo
2193 3014 2416 3078 robore
2479 3023 2838 3098 permaneat
2895 3021 2959 3074 et
3014 3006 3351 3073 earundem

576 3115 944 3204 originalem
993 3116 1423 3182 auctoritatem
1468 3117 1745 3183 obtineat
1773 3119 1934 3184 sicut
1963 3118 2152 3205 prius.
2237 3121 2406 3183 Acta
2460 3131 2605 3182 sunt
2649 3118 2765 3183 hec
2810 3140 2972 3181 anno
3001 3115 3351 3181 indiccione

574 3243 784 3287 mense
815 3222 916 3286 die
946 3222 1083 3286 loco
1113 3236 1176 3286 ct
1217 3221 1584 3310 pontificatu
1613 3222 1983 3309 supradictis
2012 3222 2405 3309 presentibus
2450 3221 2809 3286 reverendis
2837 3221 2989 3285 viris
3029 3232 3094 3284 et
3122 3219 3348 3284 discre-

573 3325 654 3390 tis
685 3365 698 3377 ·
721 3327 1015 3414 magistro
1033 3327 1360 3393 Willelmo
1379 3327 1456 3392 de
1487 3327 1896 3415 Notyngham
1927 3327 2186 3394 ecclesie
2215 3327 2585 3393 cathedralis
2620 3327 2832 3393 Sancti
2871 3323 3129 3390 Patricii
3164 3325 3347 3390 Dub-

573 3430 664 3495 lin
688 3447 1038 3519 presentore
1064 3469 1077 3483 ·
1103 3432 1397 3520 magistro
1420 3432 1746 3497 Willelmo
1777 3432 1999 3498 Douce
2023 3472 2035 3484 ·
2061 3432 2357 3521 magistro
2376 3430 2703 3496 Willelmo
2720 3431 2799 3496 de
2828 3430 3168 3495 Monmuth
3188 3429 3351 3517 juris

572 3537 788 3624 peritis
809 3577 822 3590 ·
853 3537 1180 3604 Willelmo
1222 3539 1300 3604 de
1344 3539 1634 3603 Tunstall
1682 3539 1940 3626 publico
1989 3539 2232 3604 notario
2260 3578 2273 3590 ·
2305 3538 2560 3603 domino
2602 3538 2645 3602 J
2648 3537 2891 3603 ohanne
2921 3537 3099 3623 Vyat
3143 3535 3349 3623 sigillo

574 3643 808 3710 decano
841 3643 1324 3709 Christianitatis
1365 3645 1614 3710 Dublin
1665 3657 1730 3712 et
1777 3644 1806 3733 [
2145 3645 2177 3734 ]
2226 3644 2363 3710 aliis
2392 3644 2653 3710 testibus
2682 3643 2763 3708 ad
2790 3641 3085 3731 premissa
3112 3639 3348 3706 vocatis

572 3747 1375 3835 specialiter.—Recorder's
1401 3749 1596 3823 Book,
1624 3772 1730 3840 pp.
1772 3771 1842 3835 17
1850 3757 1991 3835 5-8.

685 4555 862 4598 mrsu
899 4553 1086 4598 Ancn.
1122 4555 1248 4598 soe.
1283 4555 1384 4600 no.
1420 4557 1512 4601 ιο.
1961 4561 2004 4624 g
3250 4529 3335 4594 11.
