4295 5410
1973 635 2063 710 23

1922 882 2100 958 XV.

631 1062 848 1137 satta
885 1066 954 1158 ἐξ.
984 1085 1267 1142 attatum
1296 1080 1443 1142 tem
1477 1085 1615 1142 tum
1636 1067 1888 1142 nimmia
1923 1069 1992 1144 ίπ
2025 1067 2081 1143 12
2103 1066 2328 1158 aetqm
2362 1087 2499 1144 tum
2522 1070 2773 1144 smmis
2806 1082 2863 1144 tt
2897 1071 3388 1149 obumtinnfhus.

802 1251 1060 1320 Mnibus
1090 1255 1326 1322 Christi
1353 1255 1643 1324 fidelibus
1687 1258 1799 1324 has
1842 1257 2050 1324 literas
2093 1255 2463 1346 inspecturis
2510 1257 2913 1324 Theobaldus
2939 1259 3206 1326 Walteri
3250 1263 3390 1350 pin-

623 1405 628 1408 -
829 1385 1014 1428 cerna
1041 1361 1350 1430 Hibernie
1377 1364 1728 1450 sa[lutem].
1815 1363 2081 1431 Noverit
2107 1365 2479 1432 universitas
2504 1379 2709 1431 vestra
2742 1389 2845 1433 me
2874 1366 3113 1432 dedisse
3142 1390 3387 1434 conces-

623 1463 770 1529 sisse
797 1477 862 1530 et
888 1465 1006 1531 hac
1043 1479 1212 1532 carta
1248 1490 1387 1533 mea
1413 1469 1685 1556 presenti
1713 1467 2102 1536 confirmasse
2133 1470 2274 1536 Deo
2313 1482 2378 1536 et
2404 1471 2661 1538 ecclesie
2691 1470 2996 1537 Omnium
3023 1472 3391 1540 Sanctorum

615 1573 806 1657 juxta
832 1570 1078 1638 Dublin
1105 1584 1170 1639 et
1196 1572 1509 1640 canonicis
1550 1573 1790 1640 ibidem
1819 1573 1959 1640 Deo
2009 1574 2421 1642 servientibus
2453 1613 2467 1628 ·
2497 1600 2611 1664 pro
2650 1576 2846 1643 salute
2890 1577 3095 1643 anime
3139 1601 3279 1644 mee
3325 1593 3389 1644 et

623 1691 1072 1746 antecessorum
1093 1694 1159 1745 et
1173 1703 1589 1746 successorum
1608 1702 1889 1746 meorum
1910 1691 1975 1745 et
1995 1679 2276 1744 omnium
2292 1677 2574 1746 fidelium
2591 1679 3025 1746 defunctorum
3046 1720 3057 1732 ·
3076 1682 3387 1768 quandam

623 1799 862 1873 partem
889 1799 1050 1851 terre
1089 1807 1226 1850 mee
1268 1785 1346 1851 de
1379 1784 1601 1851 Steinn
1630 1806 1752 1870 que
1781 1784 1953 1870 jacet
1971 1783 2163 1868 juxta
2190 1781 2421 1849 dictam
2449 1782 2769 1850 ecclesiam
2796 1809 3009 1850 versus
3039 1785 3341 1851 orientem
3376 1823 3388 1836 ·

623 1904 686 1957 et
713 1891 991 1958 continet
1018 1891 1171 1956 duas
1217 1913 1386 1956 acras
1430 1903 1496 1956 et
1522 1887 1847 1954 dimidiam
1880 1889 2047 1970 [cum
2077 1889 2365 1974 decimis]
2396 1899 2462 1954 et
2498 1888 2987 1957 obvencionibus
3017 1914 3138 1977 que
3165 1913 3387 1979 prove-

621 1997 808 2064 niunt
826 1997 906 2064 de
927 2009 1058 2063 tota
1081 1999 1288 2080 [terra
1305 1995 1691 2082 habe]ndam
1719 2007 1784 2060 et
1811 1994 2145 2060 tenendam
2163 1993 2395 2060 dictam
2424 2007 2651 2060 terram
2678 2018 2823 2060 cum
2853 1994 3036 2061 dictis
3063 1995 3388 2081 deci[mi]s

619 2103 688 2167 in
715 2127 938 2191 puram
959 2116 1025 2169 et
1043 2115 1408 2190 perpetuam
1429 2100 1829 2167 elemosinam
1856 2123 2002 2166 cum
2031 2099 2320 2165 omnibus
2348 2099 2805 2187 liberta[tib]us
2833 2113 2900 2166 et
2924 2101 3386 2167 consuetudini-

619 2211 736 2277 bus
757 2210 837 2276 ad
857 2209 1116 2276 liberam
1146 2208 1544 2275 elemosinam
1566 2206 2109 2294 pertinen[ti]bus.
2141 2206 2235 2273 Ut
2252 2219 2461 2272 autem
2481 2206 2599 2272 hec
2621 2230 2759 2272 mea
2780 2206 3043 2273 donacio
3070 2208 3382 2273 concessio

618 2329 684 2382 et
719 2314 1112 2381 confirmacio
1146 2315 1349 2400 [rjata
1376 2323 1727 2400 perseveret
1772 2323 1836 2377 et
1879 2310 2245 2377 inconcussa
2270 2311 2340 2375 in
2367 2324 2682 2400 posterum
2708 2312 3011 2379 habeatur
3038 2327 3386 2402 presentem

619 2421 914 2510 paginam
963 2421 1154 2509 sigilli
1197 2419 1324 2486 mei
1366 2417 1767 2507 impressione
1812 2415 2117 2484 roboravi.
2204 2416 2353 2482 Hiis
2396 2417 2657 2484 testibus
2690 2456 2703 2470 ·
2736 2419 2990 2484 domino
3017 2421 3078 2486 J.
3102 2419 3383 2486 Fernen:

618 2527 907 2614 episcopo
941 2565 954 2578 ·
986 2527 1234 2591 Thoma
1259 2547 1523 2613 pai-sona
1550 2523 1629 2590 de
1653 2522 1874 2590 Callan
1905 2560 1918 2573 ·
1951 2522 2207 2587 domino
2236 2521 2484 2612 Rogero
2514 2523 2780 2590 Hustale
2812 2561 2825 2576 ·
2858 2523 3111 2590 domino
3141 2525 3385 2592 Milone

615 2633 676 2700 le
705 2634 902 2700 Breth
933 2672 946 2685 ·
978 2633 1233 2701 domino
1261 2631 1531 2699 Ricardo
1562 2632 1640 2698 de
1672 2630 2064 2697 Schamesbir
2085 2669 2096 2682 ·
2117 2630 2373 2698 domino
2402 2631 2689 2700 Gilberto
2720 2633 2798 2698 de
2826 2632 3037 2721 Lynet
3068 2673 3078 2682 -
3113 2632 3382 2699 Ricardo

618 2740 895 2830 Anglico
923 2753 989 2807 et
1015 2740 1169 2807 aliis.

1889 2958 2104 3033 XVI.

1239 3116 1456 3193 &arta
1487 3115 1855 3208 pistatione
1889 3115 2296 3207 psalmum
2331 3120 2399 3189 {n
2433 3114 2755 3206 amlpffg.

747 3276 937 3343 Ciant
963 3289 1274 3365 presentes
1302 3290 1368 3343 et
1393 3276 1591 3343 futuri
1620 3276 1790 3363 quod
1817 3300 1936 3365 ego
1961 3277 2007 3342 J
2009 3275 2282 3343 ohannes
2310 3274 2475 3341 filius
2505 3275 2808 3343 Dermicii
2837 3274 2984 3341 dedi
3012 3277 3285 3343 concessi
3313 3290 3378 3344 et

773 3384 891 3450 hac
917 3383 1187 3471 presenti
1215 3396 1384 3449 carta
1409 3406 1549 3449 mea
1583 3382 1946 3450 confirmavi
1986 3382 2124 3449 Deo
2165 3394 2229 3447 et
2254 3383 2435 3448 beate
2464 3382 2667 3448 Marie
2696 3394 2760 3449 et
2786 3380 3042 3449 ecclesie
3072 3381 3376 3449 Omnium

618 3490 987 3558 Sanctorum
1006 3489 1197 3575 juxta
1224 3488 1467 3555 Dublin
1511 3501 1576 3555 et
1620 3488 1932 3555 canonicis
1957 3487 2196 3555 ibidem
2224 3487 2441 3554 divina
2484 3487 2687 3554 officia
2730 3487 3184 3555 celebrantibus
3217 3528 3227 3539 ·
3260 3512 3374 3578 pro

613 3596 808 3661 salute
836 3594 1041 3661 anime
1067 3618 1206 3661 mee
1233 3608 1299 3660 et
1327 3594 1533 3661 anima
1555 3594 1820 3661 Claricie
1847 3616 2068 3681 sponse
2096 3617 2235 3661 mee
2263 3606 2329 3659 et
2354 3594 2675 3660 animabus
2694 3594 2886 3681 patris
2914 3606 2978 3659 et
2997 3594 3209 3660 matris
3235 3618 3373 3661 mee

614 3716 678 3769 et
705 3701 1027 3769 animabus
1062 3714 1514 3769 antecessorum
1541 3714 1606 3767 et
1631 3724 2046 3769 successorum
2076 3724 2357 3767 meorum
2378 3740 2390 3753 ·
2413 3700 2713 3768 batellum
2744 3723 2957 3767 meum
2985 3700 3151 3786 quod
3172 3701 3372 3767 habeo

612 3822 677 3874 et
707 3808 938 3877 habere
974 3808 1172 3875 debeo
1207 3808 1352 3896 jure
1395 3809 1768 3875 hereditario
1811 3810 1884 3875 in
1927 3810 2102 3897 aquis
2139 3809 2384 3878 Dublin
2421 3810 2501 3876 ad
2550 3808 2853 3875 salmones
2896 3808 3226 3898 capiendos
3259 3848 3272 3859 ·
3304 3809 3371 3873 in

612 3937 832 4002 puram
858 3926 924 3979 et
951 3927 1314 4003 perpetuam
1340 3916 1738 3982 elemosinam
1775 3916 2086 3983 canonicis
2113 3915 2280 3983 dicte
2308 3914 2565 3983 ecclesie
2592 3914 2661 3979 in
2688 3926 3059 4003 perpetuum
3086 3938 3368 4002 perman-

612 4042 824 4085 surum
853 4018 1010 4085 adeo
1031 4019 1226 4087 libere
1255 4020 1415 4087 sicut
1441 4020 1638 4087 libera
1664 4020 1999 4087 elemosina
2018 4020 2274 4087 liberius
2302 4020 2436 4087 dari
2462 4032 2685 4109 potest.
2774 4021 2961 4087 Salvo
2990 4022 3160 4108 quod
3188 4046 3371 4088 cano-

611 4125 740 4191 nici
767 4125 1078 4213 sepedicte
1124 4126 1380 4194 ecclesie
1410 4126 1488 4193 de
1533 4127 1754 4193 eodem
1780 4126 2010 4194 batello
2053 4127 2319 4193 reddent
2362 4126 2521 4193 mihi
2554 4126 2875 4193 annuatim
2913 4126 3119 4213 quoad
3144 4128 3365 4195 vixero

611 4234 938 4301 dimidiam
965 4258 1235 4301 marcam
1264 4235 1506 4323 argenti
1537 4273 1551 4285 ·
1583 4233 1820 4301 scilicet
1842 4233 2255 4327 ⁵medietatem
2281 4234 2351 4299 in
2378 4232 2534 4299 festo
2564 4233 2868 4299 Omnium
2899 4233 3267 4301 Sanctorum
3302 4247 3366 4301 et

611 4340 797 4407 aliam
836 4338 1235 4405 medietatem
1263 4339 1332 4405 in
1359 4339 1514 4405 festo
1558 4337 1947 4404 invencionis
1991 4350 2201 4404 sancte
2242 4338 2441 4405 crucis
2474 4377 2487 4390 ·
2518 4351 2584 4405 et
2627 4351 2767 4428 post
2794 4339 3111 4405 decessum
3154 4362 3364 4405 meum

610 4444 942 4513 heredibus
967 4443 1124 4512 meis
1141 4445 1295 4511 duos
1321 4444 1549 4511 solidos
1575 4444 1644 4509 in
1672 4443 1855 4511 dictis
1875 4442 2157 4510 terminis
2185 4468 2222 4509 a
2250 4443 2431 4511 dictis
2459 4443 2771 4513 canonicis
2798 4443 3225 4533 percipiendos
3252 4467 3386 4532 pro·

3185 4573 3356 4615 omm
