4295 5410
1950 684 2040 758 95

594 846 830 935 prefato
859 846 1175 935 preposito
1214 844 1395 912 sociis
1438 859 1504 911 et
1539 845 1877 911 scolaribus
1918 858 1984 910 et
2029 841 2478 909 successoribus
2518 841 2643 907 suis
2672 842 2753 907 ad
2780 842 3101 931 proprium
3132 866 3287 931 opus
3316 858 3381 909 et

597 977 780 1019 usum
803 952 1026 1041 prefati
1042 951 1340 1040 prepositi
1360 952 1670 1017 sociorum
1693 965 1757 1017 et
1777 950 2106 1016 scolarium
2125 962 2192 1014 et
2218 972 2433 1014 eorum
2452 972 2869 1015 successorum
2895 948 3377 1036 imperpetuum.

598 1057 903 1123 Tenenda
932 1058 1010 1123 de
1041 1058 1412 1146 capitalibus
1441 1058 1713 1123 dominis
1743 1081 1856 1146 per
1883 1056 2218 1123 servicium
2247 1057 2395 1121 inde
2426 1055 2709 1121 debitum
2738 1068 2803 1121 et
2832 1055 2909 1121 de
2929 1055 3074 1140 jure
3118 1078 3375 1122 consue-

601 1176 752 1228 tum.
845 1164 936 1229 Et
964 1164 1220 1251 insuper
1243 1188 1357 1229 nos
1386 1164 1610 1251 prefati
1639 1163 1840 1248 major
1868 1161 2269 1227 vicecomites
2315 1160 2663 1227 comunitas
2700 1173 2766 1225 et
2802 1160 2969 1226 cives
3014 1161 3178 1227 dicte
3221 1162 3377 1227 civi·
3426 1220 3435 1233 ,

595 1270 738 1337 tatis
765 1295 880 1359 pro
907 1272 1088 1337 nobis
1128 1284 1192 1337 ct
1221 1272 1670 1338 successoribus
1711 1270 1940 1337 nostris
1984 1272 2204 1336 damus
2244 1283 2309 1336 et
2342 1268 2741 1335 concedimus
2786 1267 3023 1356 prefato
3067 1268 3379 1356 preposito

597 1378 776 1444 sociis
805 1390 868 1443 et
897 1378 1233 1444 scolaribus
1261 1391 1327 1443 et
1361 1402 1579 1444 eorum
1625 1376 2077 1443 successoribus
2115 1376 2287 1462 quod
2314 1374 2436 1463 ipsi
2464 1374 2811 1463 prepositus
2850 1373 3001 1439 socii
3030 1387 3095 1439 et
3122 1373 3379 1439 scolares

599 1495 663 1547 et
689 1506 1064 1549 successores
1092 1483 1188 1547 sui
1219 1508 1290 1549 ac
1334 1506 1548 1548 omnes
1589 1482 1660 1547 in
1703 1481 1926 1547 eodem
1965 1479 2231 1567 collegio
2268 1479 2589 1544 studentes
2618 1502 2869 1565 operam
2898 1477 3121 1544 litteris
3164 1479 3381 1544 dantes

599 1587 986 1654 solummodo
1017 1588 1141 1653 sint
1169 1590 1248 1655 de
1287 1602 1567 1677 tempore
1605 1590 1672 1653 in
1717 1601 1964 1676 tempus
1997 1587 2145 1653 totis
2189 1586 2415 1652 futuris
2458 1586 2843 1675 temporibus
2874 1587 2953 1651 ab
2982 1610 3167 1651 omne
3196 1609 3382 1651 onere

597 1694 764 1759 taxis
801 1694 1070 1783 tallagiis
1116 1694 1300 1761 cessis
1339 1695 1630 1761 subsidiis
1681 1694 2119 1761 exactionibus
2168 1692 2728 1781 composicionibus
2773 1705 2838 1757 et
2874 1691 3383 1780 imposicionibus

599 1802 1095 1889 quibuscumque
1115 1803 1281 1869 dicte
1299 1803 1570 1870 civitatis
1591 1803 1775 1870 liberi
1797 1816 1862 1869 et
1889 1801 2233 1869 exonerari.
2290 1802 2550 1865 Proviso
2580 1824 2821 1888 semper
2842 1799 3012 1885 quod
3040 1798 3158 1865 hec
3175 1811 3384 1863 nostra

599 1908 910 1974 concessio
955 1932 1084 1972 non
1129 1932 1193 1974 se
1228 1909 1532 1973 extendat
1577 1906 1928 1993 aliqualiter
1967 1905 2048 1971 ad
2085 1904 2550 1971 exonerandam
2597 1917 2705 1970 aut
2750 1902 3225 1990 acquietandam
3269 1902 3380 1968 ali-

599 2038 788 2099 quam
844 2038 1172 2102 personam
1228 2016 1361 2081 sive
1418 2039 1708 2104 personas
1765 2038 1951 2103 super
2008 2013 2219 2099 aliquo
2275 2012 2714 2099 premissorum
2773 2023 3194 2075 comoran‘oem
3252 2008 3383 2073 sive

600 2130 1051 2183 commorantes
1089 2118 1167 2183 de
1195 2118 1493 2205 predictis
1537 2117 1829 2183 oneribus
1869 2116 2036 2183 taxis
2082 2116 2353 2205 tallagiis
2391 2116 2574 2181 cessis
2618 2115 2907 2181 subsidiis
2949 2115 3385 2182 exactionibus

601 2236 710 2289 aut
755 2223 1122 2289 demaundis
1174 2224 1673 2310 quibuscumque
1719 2235 1926 2309 preter
1975 2219 2362 2307 prepositum
2408 2218 2603 2284 socios
2650 2219 2909 2285 scolares
2958 2232 3024 2284 et
3068 2219 3385 2285 studentes

601 2353 853 2417 operam
887 2329 1110 2395 litteris
1157 2330 1376 2395 dantes
1422 2342 1486 2395 et
1524 2352 1742 2394 eorum
1777 2348 2155 2392 successores
2201 2326 2683 2413 imperpetuum.
2773 2324 2863 2389 Et
2904 2348 3016 2389 nos
3046 2349 3194 2390 vero
3243 2349 3383 2412 pre-

602 2435 756 2501 dicti
795 2436 994 2521 major
1027 2435 1425 2500 vicecomites
1453 2433 1801 2499 comunitas
1831 2443 1897 2497 et
1923 2431 2092 2498 cives
2138 2443 2204 2496 et
2246 2453 2621 2496 successores
2651 2430 2747 2494 sui
2789 2430 3000 2495 omnia
3037 2443 3102 2495 et
3138 2430 3385 2518 singula

600 2542 898 2630 premissa
923 2542 1205 2630 superius
1221 2566 1334 2630 per
1354 2566 1466 2608 nos
1484 2566 1774 2608 concessa
1800 2539 2040 2628 prefato
2068 2538 2383 2627 preposito
2407 2552 2471 2604 et
2492 2538 2672 2604 sociis
2694 2551 2759 2603 et
2779 2537 3115 2604 scolaribus
3150 2550 3214 2602 et
3248 2561 3385 2602 suc-

601 2649 942 2716 cessoribus
971 2650 1096 2716 suis
1114 2662 1330 2717 contra
1359 2674 1470 2717 nos
1489 2663 1554 2718 et
1571 2673 1947 2717 successores
1976 2662 2218 2715 nostros
2239 2646 2808 2714 warrantizabimus
2830 2658 2894 2712 et
2920 2646 3384 2734 imperpetuum

599 2779 712 2842 per
740 2770 1051 2842 presentes
1081 2758 1502 2824 defendemus.
1577 2759 1666 2823 Et
1681 2758 1940 2823 ulterius
1959 2758 2165 2824 sciatis
2193 2781 2305 2823 nos
2335 2757 2644 2845 prefatum
2673 2756 2972 2841 majorem
2989 2753 3385 2820 vicecomites

600 2865 1048 2931 comunitatem
1093 2879 1158 2932 et
1206 2866 1376 2932 cives
1422 2866 1587 2933 dicte
1632 2866 1904 2933 civitatis
1951 2865 2197 2931 Dublin
2247 2864 2463 2931 fecisse
2514 2862 2829 2928 ordinasse
2875 2873 2941 2927 et
2985 2860 3122 2926 loco
3172 2872 3381 2924 nostro

600 2969 875 3058 posuisse
897 2971 1198 3038 dilectum
1225 2973 1406 3039 nobis
1434 2973 1503 3037 in
1525 2972 1775 3039 Christo
1795 2971 2140 3060 Georgium
2168 2971 2406 3059 Taylor
2424 2971 2881 3036 recordatorem
2910 2968 3193 3054 ejusdem
3224 2967 3379 3034 civi-

598 3076 745 3141 tatis
773 3090 1054 3142 nostrum
1082 3103 1302 3144 verum
1343 3093 1408 3145 et
1441 3079 1798 3166 legitimum
1838 3091 2217 3144 attornatum
2258 3077 2337 3142 ad
2372 3076 2735 3142 intrandum
2772 3099 2887 3163 pro
2930 3073 3109 3140 nobis
3138 3071 3277 3140 vice
3322 3087 3386 3136 et

598 3179 958 3246 nominibus
985 3182 1208 3246 nostris
1237 3195 1302 3248 et
1328 3183 1774 3270 possessionem
1803 3194 1868 3247 et
1895 3181 2180 3247 seisinam
2205 3181 2571 3269 capiendam
2590 3180 2669 3245 de
2699 3193 2763 3245 et
2789 3179 2859 3244 in
2886 3179 3168 3267 predicta
3196 3179 3383 3244 domo

595 3285 793 3351 fundo
823 3285 978 3352 scito
1009 3287 1249 3353 ambitu
1267 3299 1331 3351 et
1359 3286 1678 3374 precincto
1697 3311 1769 3352 ac
1797 3285 2016 3353 ceteris
2045 3284 2359 3373 premissis
2388 3284 2671 3372 superius
2701 3284 3023 3350 concessis.
3112 3283 3203 3349 Et
3243 3298 3384 3371 post

599 3394 960 3460 huiusmodi
988 3395 1404 3483 posessionem
1433 3409 1497 3462 et
1535 3395 1824 3462 seisinam
1857 3395 1944 3460 sic
1965 3395 2114 3460 inde
2143 3406 2389 3482 captam
2418 3408 2483 3459 et
2509 3394 2789 3460 habitam
2816 3418 2932 3481 pro
2953 3393 3134 3459 nobis
3156 3407 3221 3459 et
3245 3417 3381 3459 suc-

599 3501 937 3567 cessoribus
966 3501 1190 3566 nostris
1211 3500 1462 3589 plenam
1491 3515 1556 3567 et
1575 3501 1898 3589 pacificam
1921 3501 2365 3590 possessionem
2384 3513 2447 3566 et
2468 3501 2756 3566 seisinam
2775 3501 2941 3566 dicte
2964 3500 3185 3565 domus
3200 3500 3384 3566 fundi

598 3606 738 3672 sciti
759 3607 1028 3673 ambitus
1047 3620 1112 3672 et
1132 3607 1434 3694 precincti
1453 3633 1525 3674 ac
1543 3607 1826 3673 omnium
1848 3621 1912 3672 et
1940 3607 2329 3696 singulorum
2350 3607 2790 3695 premissorum
2820 3606 3102 3694 superius
3131 3631 3381 3672 conces-

599 3736 807 3778 sorum
845 3713 1083 3801 prefato
1122 3714 1437 3802 preposito
1467 3714 1648 3779 sociis
1687 3727 1752 3779 et
1779 3713 2114 3780 scolaribus
2144 3727 2209 3779 et
2237 3738 2451 3779 eorum
2482 3713 2549 3777 in
2591 3713 2710 3778 hac
2738 3725 2915 3801 parte
2944 3725 3251 3779 attornato
3281 3712 3385 3778 vel

601 3819 922 3884 attornatis
951 3818 1424 3886 deliberandum
1453 3819 1799 3886 secundum
1829 3819 1965 3884 vim
1992 3819 2255 3884 formam
2287 3833 2352 3885 et
2379 3819 2675 3884 effectum
2705 3819 2859 3886 dicti
2886 3818 3273 3884 feoffamenti
3292 3818 3381 3884 eis

600 3924 750 3990 inde
793 3924 1060 3991 confecti
1101 3939 1306 3991 ratum
1346 3938 1410 3991 et
1451 3939 1702 4014 gratum
1743 3925 2043 3991 habentes
2082 3938 2147 3992 et
2185 3925 2464 3991 habituri
2502 3939 2705 3990 totum
2749 3939 2814 3990 et
2842 3925 3147 4011 quicquid
3176 3925 3380 3991 dictus

599 4041 944 4094 attornatus
971 4041 1180 4094 noster
1207 4027 1424 4095 fecerit
1450 4029 1518 4093 in
1549 4028 1876 4117 premissis
1951 4029 2030 4094 In
2058 4030 2237 4115 cujus
2263 4029 2356 4095 rei
2383 4031 2810 4096 testimonium
2849 4055 2961 4095 nos
2989 4031 3212 4119 prefati
3242 4056 3379 4118 pre-

600 4136 838 4224 positus
865 4136 1019 4203 socii
1046 4148 1112 4202 et
1131 4137 1391 4203 scolares
1412 4137 1564 4202 huic
1585 4131 1760 4224 parte
1788 4136 1977 4222 hujus
2006 4137 2217 4203 charte
2239 4137 2560 4203 indentate
2588 4160 2779 4225 penes
2812 4137 3162 4226 predictum
3185 4138 3307 4222 maj
3315 4161 3378 4201 o-

601 4265 736 4308 rem
764 4241 1161 4309 vicecomites
1207 4243 1656 4309 comunitatem
1699 4255 1764 4308 et
1805 4241 1976 4307 cives
2017 4242 2365 4308 remanenti
2407 4243 2684 4331 sigillum
2726 4256 3007 4309 nostrum
3050 4266 3380 4308 commune

603 4345 1002 4433 apposuimus
1031 4346 1210 4412 alteri
1238 4370 1388 4412 vero
1416 4359 1591 4434 parte
1624 4344 1906 4430 ejusdem
1929 4345 2142 4410 charte
2176 4344 2499 4412 indentate
2526 4371 2717 4435 penes
2752 4371 2865 4414 nos
2900 4346 3209 4436 prefatum
3240 4371 3378 4436 pre-

599 4451 874 4538 positum
920 4450 1115 4517 socios
1165 4464 1231 4518 et
1279 4451 1540 4518 scolares
1585 4447 1932 4516 remanenti
1981 4447 2295 4537 predictus
2336 4451 2534 4536 major
2562 4451 2886 4518 vicomites
2928 4451 3273 4518 comunitas
3315 4467 3381 4517 et

3213 4582 3381 4624 cives
