4295 5410
2282 628 2363 701 lii

943 826 1160 897 gentes
1191 812 1766 877 warrantizabimus
1817 812 2279 899 imperpetuum
2311 836 2423 900 per
2464 824 2797 900 presentes·
2886 810 2963 875 In
2995 833 3261 895 quorum
3292 809 3729 899 premissorum

941 918 1133 982 fidem
1165 932 1229 982 et
1257 917 1683 983 testimonium
1726 941 1840 982 nos
1868 918 2142 1004 prefatus
2167 916 2348 982 Prior
2377 929 2442 981 et
2468 928 2813 982 conventus
2843 913 2991 979 huic
3022 914 3254 1001 scripto
3284 914 3557 1003 sigillum
3589 940 3726 981 nos·

947 1038 1114 1088 trum
1188 1045 1522 1087 commune
1599 1020 1998 1109 apposuimus
2070 1035 2136 1084 et
2207 1019 2475 1107 propriis
2544 1018 2835 1083 manibus
2907 1017 3361 1104 adscripsimus,
3494 1019 3728 1084 Datum

946 1128 1373 1195 sextodecimo
1433 1128 1536 1194 die
1583 1128 1815 1193 mensis
1853 1126 2231 1192 Novembris
2278 1150 2443 1192 anno
2491 1125 2757 1191 Domini
2807 1124 3147 1191 milessimo
3200 1124 3729 1213 quingentessimo

947 1234 1260 1300 tricesimo
1292 1248 1513 1300 octavo
1543 1247 1608 1298 et
1635 1257 1798 1298 anno
1821 1232 2000 1321 regni
2030 1232 2195 1321 regis
2226 1231 2491 1298 Henrici
2521 1231 2725 1298 octavi
2754 1230 3087 1297 tricesimo.

1078 1340 1200 1404 Per
1246 1364 1352 1405 me
1405 1339 1761 1405 Walterum
1818 1338 2100 1403 Priorem
2155 1338 2457 1404 Omnium
2524 1338 2919 1404 Sanctorum.
3039 1335 3161 1400 Per
3220 1360 3321 1401 me
3384 1337 3729 1401 Robertum

957 1443 1235 1532 Dolyng.
1325 1445 1450 1509 Per
1477 1466 1578 1507 me
1605 1444 1648 1509 J
1652 1443 1962 1509 ohannem
1993 1444 2269 1533 Grogan.
2343 1445 2469 1509 Per
2488 1468 2589 1509 me
2621 1443 2945 1509 dominum
2974 1440 3017 1507 J
3020 1443 3283 1509 acobum
3315 1444 3534 1509 Blake.
3611 1445 3733 1510 Per

951 1570 1052 1611 me
1083 1548 1126 1611 J
1128 1547 1440 1613 ohannem
1469 1548 2145 1615 Barret.—Recorder’s
2176 1549 2369 1627 Book,
2402 1572 2507 1637 pp.
2538 1558 2770 1636 48-51,
2803 1547 2928 1614 and
2957 1547 3085 1613 also
3114 1572 3221 1637 pp.
3255 1572 3484 1638 52—54.

1546 1740 2059 1828 [summanum-1·
2105 1760 2192 1805 on
2239 1761 2371 1805 'rna
2417 1762 2587 1805 mcx
2632 1761 2710 1805 012
2755 1760 2886 1805 'rnr-
2932 1742 3165 1829 nasu]

1159 1916 1589 1981 Emorandum
1622 1915 1792 2001 quod
1822 1916 2067 1982 decimo
2096 1930 2317 1983 octavo
2348 1918 2452 1984 die
2481 1919 2860 1985 Novembris
2890 1943 3054 1985 anno
3073 1920 3254 2008 regni
3283 1921 3445 2009 regis
3472 1921 3731 1989 Henrici

1243 2022 1450 2087 octavi
1508 2021 1820 2087 tricesimo
1878 2022 1946 2087 in
1989 2024 2179 2090 domo
2236 2024 2563 2113 capitulari
2622 2024 2846 2091 domus
2904 2025 3035 2091 sive
3075 2026 3383 2113 prioratus
3430 2028 3733 2093 Omnium

963 2130 1335 2195 Sanctorum
1367 2128 1560 2213 juxta
1595 2128 1842 2194 Dublin
1871 2130 2041 2217 prior
2069 2145 2134 2196 et
2162 2144 2505 2196 conventus
2526 2129 2689 2195 infra
2715 2129 3021 2195 nominati
3044 2146 3196 2195 tunc
3226 2130 3463 2196 ibidem
3480 2156 3738 2221 congre-

959 2236 1092 2323 gati
1135 2248 1200 2301 et
1227 2234 1572 2322 capitulum
1600 2235 1894 2302 facientes
1922 2261 2195 2304 unacum
2225 2262 2441 2304 eorum
2470 2261 2773 2303 consensu
2803 2252 2867 2303 et
2914 2262 3163 2303 assensu
3212 2262 3295 2301 ex
3326 2254 3495 2303 certa
3523 2262 3738 2303 eorum

959 2339 1228 2406 sciencia
1273 2338 1497 2404 animis
1527 2338 1882 2405 deliberatis
1911 2354 1972 2405 et
2015 2341 2371 2428 spontaneis
2422 2364 2635 2407 eorum
2667 2340 3095 2406 voluntatibus
3122 2364 3235 2429 pro
3280 2356 3351 2405 ut
3380 2366 3491 2429 per
3518 2366 3736 2407 eorum

960 2446 1369 2512 donacionem
1400 2445 1860 2511 concessionem
1917 2472 2159 2513 sursum
2211 2448 2529 2513 redditum
2558 2462 2622 2513 et
2651 2446 3099 2513 alienacionem
3148 2461 3222 2512 ut
3266 2445 3499 2512 factum
3550 2471 3735 2512 suum

959 2576 1203 2617 merum
1230 2550 1500 2616 liberum
1529 2565 1594 2616 et
1622 2551 2044 2617 voluntarium
2063 2554 2475 2641 cognoverint
2502 2569 2566 2619 et
2594 2554 3075 2641 recognoverint
3104 2578 3175 2618 ac
3204 2568 3277 2618 ut
3299 2552 3531 2619 factum
3552 2577 3735 2619 suum

961 2682 1294 2726 commune
1339 2657 1408 2722 in
1459 2655 1746 2723 manibus
1803 2656 2255 2724 venerabilium
2308 2656 2713 2724 discretorum
2768 2658 3045 2723 virorum
3074 2656 3384 2723 Willelmi
3414 2658 3737 2725 Brabazon

961 2766 1252 2856 armigeri
1281 2762 1762 2830 subthesaraurii
1804 2761 2044 2827 domini
2071 2762 2237 2850 regis
2266 2777 2427 2828 terre
2456 2786 2565 2827 sue
2598 2761 2923 2839 Hibernie,
2956 2762 3213 2828 Geraldi
3244 2762 3510 2842 Ailmer,
3548 2764 3737 2850 Capi-

961 2874 1102 2940 talis
1130 2875 1176 2940 J
1175 2872 1476 2939 usticiarii
1511 2870 1662 2936 dicti
1698 2870 1936 2935 domini
1967 2871 2132 2960 regis
2169 2871 2247 2937 ad
2282 2870 2512 2960 placita
2542 2894 2750 2936 coram
2790 2870 2958 2936 dicto
2998 2869 3254 2935 domino
3287 2894 3434 2958 rege
3468 2873 3741 2937 tenenda

965 2981 1032 3044 in
1086 2992 1250 3045 terra
1306 3001 1418 3042 sua
1461 2974 1742 3064 predicta
1800 2976 1846 3041 J
1845 2976 2108 3040 ohannis
2167 2975 2337 3041 Alen
2396 2973 2677 3062 magistri
2724 2973 3120 3050 Rotulorurn,
3195 2991 3259 3038 et
3306 2975 3565 3040 Roberti
3622 2977 3737 3040 fitz

977 3084 1219 3172 Symon
1271 3079 1482 3146 clerici
1518 3079 1858 3144 cancellare
1903 3078 2058 3144 dicti
2110 3079 2351 3144 domini
2397 3078 2561 3167 regis
2608 3078 2842 3143 ibidem
2891 3077 3555 3144 commissionariorum
3587 3081 3739 3147 dicti

973 3187 1216 3253 domini
1245 3185 1408 3274 regis
1439 3184 1517 3250 ad
1547 3209 1729 3250 usum
1757 3185 1913 3251 dicti
1934 3185 2333 3252 illustrissimi
2363 3186 2603 3251 domini
2652 3185 2817 3274 regis
2846 3185 3009 3250 ultro
3058 3202 3121 3252 et
3166 3202 3384 3275 sponte
3415 3189 3741 3255 tradebant

969 3309 1034 3360 et
1081 3295 1398 3384 petierunt
1444 3293 1745 3358 instantes
1791 3307 1863 3357 ut
1907 3293 1975 3358 in
2007 3293 2204 3359 Curia
2232 3293 2618 3359 Cancellarie
2658 3292 2897 3357 domini
2937 3291 3133 3357 nostri
3190 3292 3354 3380 regis
3412 3308 3571 3358 terre
3630 3317 3738 3357 sue

969 3400 1278 3468 Hibernie
1307 3424 1417 3466 seu
1445 3399 1827 3486 ubicumque
1869 3400 2018 3466 alias
2056 3415 2128 3466 ut
2177 3401 2411 3467 factum
2460 3424 2642 3466 suum
2692 3399 3055 3486 hujusmodi
3107 3399 3186 3464 ad
3236 3414 3602 3487 perpetuam
3647 3399 3737 3462 rei

965 3510 1332 3576 memoriam
1388 3507 1750 3572 irrotulatur
1811 3507 2164 3572 insinuatur
2240 3521 2304 3573 et
2346 3507 2736 3572 inscribatur.
2816 3506 2904 3570 Et
2945 3517 3326 3593 rogaverunt
3368 3504 3481 3570 hos
3552 3518 3738 3569 testes

971 3615 1350 3702 subscriptos
1379 3626 1684 3699 quatenus
1713 3626 1841 3675 tam
1887 3634 2074 3699 super
2123 3635 2339 3676 eorum
2387 3610 2621 3675 factum
2672 3609 3034 3696 hujusmodi
3081 3633 3269 3695 quam
3299 3608 3738 3696 sigillationem

975 3720 1491 3788 deliberationem
1523 3716 2011 3805 recognitionem
2042 3733 2107 3783 et
2133 3715 2501 3806 petitionem
2548 3715 2857 3804 predictas
2884 3715 3309 3781 testimonium
3340 3715 3745 3804 prohiberent

971 3841 1036 3889 et
1064 3837 1287 3889 cetera.

1103 3927 1469 4014 Sequuntur
1525 3925 1783 3991 nomina
1837 3927 2124 3992 testium:

1099 4032 1340 4122 Symon
1400 4029 1679 4118 Geffrey,
1740 4031 1975 4097 Rector
2031 4031 2110 4097 de
2173 4031 2468 4111 Houthe3
2516 4031 2794 4096 Thomas
2851 4029 3040 4108 Alen,
3100 4045 3305 4118 gent.;
3372 4030 3429 4095 F
3428 4032 3738 4098 ranciscus

882 4206 886 4210 .
968 4137 1280 4222 Chanmy,
1328 4148 1532 4223 gent.;
1587 4135 1900 4200 Ricardus
1930 4134 2281 4214 Archbold,
2310 4159 2489 4224 gen.;
2534 4136 2577 4201 J
2582 4134 2857 4200 ohannes
2902 4133 3217 4212 Merwatt,
3246 4159 3426 4224 gen.;
3472 4137 3735 4204 Bartho-

965 4243 1205 4308 lomeus
1262 4240 1532 4319 Ailmer,
1590 4266 1768 4329 gen.;
1863 4244 2190 4309 Johannes
2247 4242 2623 4330 Edi-ington,
2700 4264 3003 4330 yeoman3
3070 4240 3330 4307 Carolus
3400 4243 3733 4340 Aspyna113

964 4369 1268 4433 yeoman3
1312 4344 1355 4409 J
1359 4346 1589 4410 acobus
1618 4344 1894 4412 Harrold
1923 4361 1986 4412 et
2013 4347 2056 4412 J
2061 4347 2288 4411 acobus
2322 4345 2715 4432 Stanyhursu
2764 4358 2829 4410 et
2872 4344 3127 4432 plurimi
3173 4345 3738 4415 alii.-Recorders

965 4449 1163 4527 Book,
1194 4472 1299 4537 pp.
1332 4472 1434 4535 51,
1470 4472 1569 4536 52,
1603 4451 1728 4516 and
1758 4452 1884 4518 also
1913 4477 2022 4542 pp.
2057 4477 2157 4540 54,
2191 4475 2224 4540 5
2233 4475 2289 4540 5.
3648 4541 3715 4605 X
