4295 5410
2226 647 2354 716 108

902 838 1109 895 sistant
1150 852 1292 910 quas
1334 832 1592 908 ejusdem
1633 829 1745 887 loci
1785 828 2044 887 homines
2083 828 2397 905 utriusque
2422 848 2597 887 sexus
2628 829 2833 888 diebus
2861 830 3161 891 dominicis
3208 842 3269 891 et
3314 834 3535 893 festivis
3577 834 3673 892 de-

901 938 1182 994 cimarum
1224 932 1453 990 nomine
1479 939 1539 989 et
1565 928 1703 986 alias
1727 927 2198 985 benedicionibus
2239 928 2590 987 nubentium
2627 938 2687 987 et
2717 950 3135 1007 puerperarum
3172 933 3677 1010 purificacionibus
3732 906 3743 915 .

903 1054 1038 1091 cum
1066 1032 1291 1091 decenti
1316 1040 1376 1088 et
1402 1047 1708 1086 numerosa
1745 1026 2017 1084 comitiva
2038 1026 2218 1102 juxta
2261 1027 2626 1103 singulorum
2658 1030 3081 1106 beneplacitum
3109 1032 3173 1089 in
3198 1032 3448 1091 ecclesiis
3476 1032 3681 1091 offerre

902 1140 1317 1190 consueverant
1354 1130 1426 1187 de
1466 1130 1707 1204 antiqua
1748 1137 1808 1185 et
1850 1128 2166 1204 approbata
2206 1135 2266 1185 et
2312 1126 2592 1186 hactenus
2647 1129 2882 1206 pacifice
2922 1132 3223 1190 observata
3263 1133 3680 1191 consuetudine

905 1232 1002 1308 pia
1026 1230 1332 1289 devocione
1358 1229 1620 1288 fidelium
1644 1228 1996 1297 introducta,
2025 1228 2220 1304 Major
2246 1237 2439 1287 tamen
2458 1238 2519 1289 et
2538 1232 2691 1289 cives
2712 1233 2938 1289 Dublin
2966 1252 3068 1291 sue
3093 1233 3298 1292 salutis
3324 1235 3681 1293 immemores

907 1350 1023 1388 non
1077 1330 1198 1387 sine
1250 1330 1533 1387 fermento
1583 1328 1837 1386 heretice
1877 1327 2182 1404 pravitatis
2234 1329 2345 1386 sub
2398 1340 2556 1387 certa
2605 1350 2753 1407 pena
2793 1340 3050 1391 statuere
3089 1344 3567 1410 presumpserunt
3611 1343 3685 1392 ut

906 1429 1108 1487 nullus
1150 1428 1292 1486 civis
1339 1428 1452 1485 nisi
1495 1435 1701 1503 quater
1741 1426 1803 1483 in
1839 1446 1988 1484 anno
2029 1434 2327 1503 presumat
2369 1427 2577 1487 offerre
2619 1432 2971 1489 nubentium
3010 1440 3070 1489 et
3105 1452 3523 1509 puerperarum
3551 1454 3681 1511 pre-

907 1532 1198 1590 dictarum
1223 1528 1494 1587 comitive
1520 1546 1830 1585 numerum
1857 1528 2044 1601 usque
2070 1525 2143 1582 ad
2162 1526 2456 1583 binarium
2481 1528 2896 1604 restringentes
2923 1547 3113 1587 cereos
3138 1530 3312 1587 etiam
3337 1539 3399 1593 et
3424 1532 3685 1591 candelas

911 1650 1058 1708 quos
1101 1629 1190 1687 hii
1235 1628 1340 1704 qui
1381 1645 1515 1685 cum
1557 1626 1865 1683 funeribus
1891 1624 2293 1683 decedentium
2320 1626 2682 1703 sepelliendis
2707 1627 2780 1684 ad
2806 1627 3067 1685 ecclesias
3093 1628 3315 1687 deferre
3339 1649 3599 1707 quosque
3622 1633 3687 1689 in

913 1730 1174 1808 exequiis
1197 1738 1256 1788 et
1282 1728 1688 1786 anniversariis
1713 1727 2025 1785 eorundem
2051 1728 2124 1784 ab
2152 1727 2349 1785 amicis
2375 1748 2482 1804 pro
2510 1728 2696 1786 salute
2711 1729 3035 1786 animarum
3054 1728 3454 1789 decedentium
3480 1730 3686 1788 offerre

913 1835 1329 1889 consueverant
1355 1824 1730 1902 reportandos
1756 1824 1879 1882 fore
1905 1823 1978 1881 ad
2003 1843 2205 1881 eorum
2233 1824 2486 1901 hospitia
2525 1824 2905 1882 decreverunt
2941 1825 3171 1883 duobus
3196 1826 3485 1885 duntaxat
3510 1831 3688 1887 cereis

913 1927 1147 1987 ecclesie
1170 1927 1233 1983 in
1253 1926 1424 2001 cujus
1450 1923 1738 1982 cimiterio
1763 1923 2089 1981 decedentis
2114 1924 2296 1981 funus
2324 1925 2658 1981 tumulatur
2685 1924 2919 1981 relictis.
2962 1924 3235 1983 Publicas
3261 1926 3501 2006 insuper
3525 1928 3687 2005 peni·

916 2027 1128 2085 tentiae
1153 2045 1270 2084 non
1285 2025 1511 2100 judicio
1531 2024 1762 2082 ecclesie
1790 2023 1889 2082 sed
1907 2023 2153 2081 arbitrio
2173 2043 2374 2082 eorum
2395 2023 2663 2083 artandas
2682 2026 2775 2083 vel
2792 2025 3137 2101 mitigandas
3156 2045 3276 2084 esse
3290 2026 3543 2085 dicentes
3561 2047 3691 2105 pre-

919 2125 1250 2202 sumpcione
1275 2124 1629 2201 dampnabili
1649 2132 1986 2182 statuerunt
2007 2124 2163 2199 quod
2188 2124 2389 2182 nullus
2410 2126 2668 2201 prelatus
2684 2126 2775 2183 vel
2788 2125 2977 2200 judex
2990 2126 3403 2184 ecclesiasticus
3429 2126 3501 2185 de
3519 2147 3689 2185 ussu-

917 2228 1068 2283 raria
1093 2226 1378 2301 pravitate
1403 2224 1496 2282 vel
1521 2224 1635 2281 alio
1655 2224 1860 2300 quovis
1875 2224 2114 2283 crimine
2129 2224 2223 2283 vel
2242 2224 2354 2282 alia
2378 2244 2549 2283 causa
2575 2244 2919 2300 quacunque
2938 2243 3275 2301 cognoscere
3291 2224 3479 2281 valeat
3504 2226 3690 2282 causis

917 2321 1440 2380 matrimonialibus
1461 2330 1521 2379 et
1540 2321 1987 2379 testamentariis
2008 2328 2202 2379 tamen
2222 2323 2476 2398 exceptis
2498 2321 2768 2398 quodque
2794 2321 2865 2378 de
2888 2322 3055 2379 bonis
3080 2342 3281 2380 eorum
3309 2324 3411 2398 qui
3430 2323 3692 2382 intestati

920 2421 1206 2480 decedunt
1248 2440 1320 2479 ne
1359 2420 1757 2496 aliquantinus
1797 2418 2155 2476 intromittat
2204 2418 2304 2476 sed
2345 2418 2481 2475 fisco
2522 2420 2673 2475 bona
2709 2417 3047 2493 hujusmodi
3082 2418 3447 2495 applicantur
3491 2421 3691 2478 nullus

919 2520 1094 2579 etiam
1130 2520 1272 2577 civis
1299 2538 1473 2595 super
1498 2518 1752 2594 aliquam
1779 2517 2064 2575 accionem
2091 2516 2473 2594 (spectantem
2513 2516 2586 2573 ad
2624 2516 2819 2573 forum
2858 2517 3330 2593 ecclesiasticum)
3357 2528 3527 2577 extra
3550 2521 3691 2577 civi·

921 2628 1100 2679 tatem
1120 2620 1303 2695 ipsam
1322 2618 1395 2675 ad
1409 2618 1702 2694 judicium
1725 2616 1880 2675 trahi
1899 2616 2098 2693 possit.
2150 2616 2343 2673 Multa
2362 2616 2597 2692 quidem
2618 2624 2679 2673 et
2697 2616 2809 2673 alia
2828 2616 3084 2673 enormia
3102 2624 3326 2673 statuta
3351 2616 3690 2692 hujusmodi

921 2721 1258 2796 adjecerunt
1283 2720 1345 2775 in
1372 2719 1696 2774 animarum
1723 2734 1962 2773 suarum
1996 2715 2326 2790 periculum
2360 2715 2687 2771 multorum
2726 2713 3059 2772 scandalum
3092 2724 3151 2772 et
3176 2715 3240 2772 in
3260 2716 3693 2773 subvercionem

923 2821 1299 2880 ecclesiastice
1325 2818 1615 2878 libertatis
1640 2825 1879 2895 propter
1906 2816 2063 2892 quod
2083 2816 2278 2874 dictus
2304 2815 2767 2892 archiepiscopus
2792 2817 2855 2872 in
2880 2815 3107 2872 dictum
3132 2815 3412 2891 Majorem
3438 2825 3498 2874 et
3525 2835 3695 2891 quos-

925 2921 1057 2979 dam
1097 2921 1249 2978 cives
1289 2919 1430 2976 alios
1474 2917 1818 2975 nominatim
1859 2916 1997 2992 quia
2036 2915 2347 2992 diligenter
2373 2916 2446 2972 ab
2472 2935 2539 2973 eo
2564 2915 2773 2972 moniti
2811 2934 2845 2972 a
2882 2914 3321 2991 presumpcione
3355 2914 3694 2989 hujusmodi

925 3022 1198 3080 desistere
1249 3039 1364 3077 non
1416 3025 1772 3076 curaverunt
1813 3015 2426 3074 excommunicationis
2470 3024 2530 3072 et
2575 3016 2638 3072 in
2685 3015 2981 3072 civitatem
3022 3013 3205 3090 ipsam
3252 3013 3530 3071 interdicti
3570 3033 3693 3070 sen-

923 3124 1135 3182 tentias
1179 3123 1448 3198 exigente
1465 3119 1702 3195 justitia
1727 3118 2074 3176 auctoritate
2099 3116 2391 3176 ordinaria
2428 3115 2823 3193 promulgavit
2860 3133 3002 3190 quas
3040 3113 3194 3171 idem
3236 3114 3695 3190 archiepiscopus

925 3231 1124 3280 nostro
1164 3221 1338 3298 petiit
1375 3220 1699 3276 munimine
1737 3219 2013 3276 roborari.
2095 3218 2217 3275 Nos
2256 3218 2444 3294 igitur
2482 3235 2885 3294 perversorum
2920 3215 3197 3291 refragari
3236 3216 3537 3273 conatibus
3580 3236 3696 3292 quo

926 3340 1232 3399 possumus
1259 3321 1510 3379 remedio
1536 3320 1835 3397 cupientes
1873 3339 1938 3377 ac
1985 3327 2209 3378 statuta
2242 3317 2583 3393 hujusmodi
2622 3326 2829 3393 utpote
2853 3323 3055 3372 contra
3092 3315 3421 3372 libertatem
3472 3315 3695 3372 ecclesi—

925 3425 1165 3496 asticam
1203 3423 1358 3482 edita
1395 3423 1694 3479 irritantes
1721 3421 1955 3478 omnino
1982 3439 2085 3478 seu
2111 3439 2267 3478 cassa
2292 3428 2352 3478 et
2380 3420 2549 3476 irrita
2593 3418 2935 3475 nunciantes
2975 3414 3324 3473 Paternitati
3348 3421 3538 3472 vestre
3584 3433 3698 3490 qua

929 3523 1234 3598 fungimur
1267 3522 1614 3578 auctoritate
1653 3520 1990 3578 mandamus
2018 3529 2304 3596 quatenus
2332 3519 2613 3594 Majorem
2638 3527 2699 3576 et
2724 3518 2876 3575 cives
2901 3516 2965 3572 in
2989 3515 3129 3572 locis
3167 3515 3419 3591 publicis
3446 3514 3700 3571 civitatis

929 3629 988 3677 et
1015 3619 1308 3696 provincie
1333 3619 1559 3676 Dublin
1586 3637 1652 3684 ac
1689 3617 1752 3674 in
1791 3617 1920 3674 aliis
1950 3617 2013 3674 in
2050 3617 2267 3693 quibus
2308 3615 2580 3692 expedire
2605 3614 2848 3672 videatis
2888 3613 3134 3690 singulis
3169 3613 3374 3670 diebus
3401 3612 3699 3671 dominicis

927 3727 988 3777 et
1027 3718 1250 3776 festivis
1303 3717 1548 3794 pulsatis
1595 3714 1885 3791 campanis
1931 3713 2180 3771 accensis
2219 3713 2469 3771 candelis
2510 3711 2881 3788 solempniter
2919 3711 3441 3768 excommunicatos
3480 3710 3702 3767 denun-

928 3818 1093 3901 cietis
1119 3836 1306 3893 usque
1331 3817 1403 3874 ad
1424 3815 1841 3874 satisfacionem
1869 3812 2211 3889 condignam
2240 3821 2299 3870 et
2327 3812 2547 3869 faciatis
2575 3813 2647 3869 ab
2668 3811 2939 3868 omnibus
2980 3851 3214 3866 ......
3242 3809 3464 3868 evitari.
3526 3808 3697 3878 Quod

930 3919 978 3974 si
1025 3935 1143 3974 non
1194 3915 1361 3972 ambo
1417 3914 1532 3971 hiis
1585 3911 1936 3988 exequendis
1983 3911 2294 3988 potueritis
2355 3911 2632 3968 interesse
2678 3909 2825 3966 alter
2869 3916 3131 3966 vestrum
3176 3927 3241 3964 ea
3279 3906 3700 3965 nihilhominus

928 4021 1272 4089 exequatur.
1380 4010 1601 4068 Datum
1648 4009 1904 4066 London.
1947 4007 2007 4064 ii.
2051 4007 2340 4066 Kalendas
2376 4007 2596 4064 Martii.
2677 4004 3060 4064 Pontificatus
3109 4006 3343 4063 Domini
3386 4006 3698 4065 Clementis

931 4115 1088 4190 Pape
1111 4113 1218 4194 iiii.
1261 4111 1437 4168 Anno
1463 4109 1586 4165 iii.”

2078 4224 2237 4302 Paqe
2259 4242 2310 4294 2,
2338 4222 2453 4282 line
2475 4241 2565 4300 32.

1046 4351 1226 4410 Fines
1249 4347 1512 4424 parochie
1537 4346 1877 4404 vestra—In
1914 4344 2072 4404 John
2109 4343 2368 4421 Alleyn’s
2396 4342 2610 4411 decroe,
2651 4341 2769 4399 this
2808 4340 2990 4401 house
3012 4342 3063 4399 is
3083 4342 3272 4420 styled
3303 4349 3339 4375 “
3353 4352 3703 4401 conventum

929 4454 1133 4512 domus
1159 4447 1505 4523 ecclesieque
1528 4444 1868 4522 parochialis
1893 4453 2069 4521 atque
2094 4441 2490 4502 conventualis
2518 4441 2795 4498 Omnium
2822 4441 3293 4499 Sanctorum.”-—
3304 4461 3359 4518 p.
3387 4442 3477 4499 82.

3547 4560 3701 4638 Paye
