4295 5410
2285 623 2375 691 62

948 799 1224 865 seculari.
1315 799 1502 866 Salvo
1549 799 1799 866 redditu
1836 799 2078 864 domini
2122 799 2296 866 feudi
2342 800 2421 867 de
2468 802 2729 868 dimidia
2774 827 2981 870 marca
3024 807 3265 894 argenti
3309 807 3625 876 reddenda
3670 835 3707 875 a

947 906 1128 971 dictis
1166 905 1476 972 canonicis
1507 906 1761 970 domino
1791 905 1964 971 feudi
1993 907 2237 972 duobus
2264 905 2544 974 terminis
2574 910 2721 975 anni
2753 949 2767 961 ·
2798 910 3034 978 scilicet
3071 913 3470 979 medietatem
3498 915 3579 980 ad
3604 916 3700 979 in-

946 1011 1310 1077 vencionem
1345 1011 1568 1077 Sancte
1599 1010 1817 1076 Crucis
1846 1025 1909 1076 et
1937 1011 2389 1078 dimidietatem
2420 1014 2499 1079 ad
2526 1015 2752 1080 festum
2785 1016 2997 1082 Sancti
3020 1017 3365 1084 Michaelis.

1076 1116 1164 1182 Et
1191 1129 1263 1181 ut
1289 1117 1407 1182 hec
1437 1139 1576 1181 mea
1605 1115 1866 1181 donacio
1896 1128 1961 1181 et
1988 1118 2300 1184 concessio
2337 1132 2470 1185 rata
2512 1133 2575 1185 et
2602 1120 2781 1187 firma
2806 1121 3029 1187 futuris
3058 1124 3439 1211 temporibus
3465 1148 3703 1212 perma-

947 1235 1092 1288 neat
1119 1246 1368 1310 presens
1413 1223 1711 1311 scriptum
1756 1223 1946 1312 sigilli
1989 1225 2114 1290 mei
2154 1226 2555 1315 impressione
2592 1228 2711 1295 feci
2743 1231 3133 1296 communiri.
3222 1231 3367 1298 Hiis
3396 1233 3654 1299 testibus
3686 1273 3699 1284 ·

950 1328 1226 1418 Hugone
1267 1330 1462 1418 Tyrel
1500 1331 1862 1397 ·Willelmo
1892 1331 1948 1396 F
1949 1358 2111 1421 eypo
2150 1373 2162 1386 ·
2197 1335 2472 1424 Hugone
2513 1337 2591 1403 de
2638 1338 2853 1403 Estam
2895 1377 2907 1389 ·
2938 1337 3262 1404 Willelmo
3308 1339 3386 1405 de
3432 1339 3488 1403 F
3488 1363 3662 1404 renes
3693 1378 3708 1391 ·

945 1437 1153 1502 Alano
1169 1437 1299 1502 filio
1316 1437 1624 1505 willelmi
1644 1477 1657 1489 ·
1678 1439 2000 1506 Willelmo
2022 1442 2460 1511 Berthelemeb
2487 1482 2499 1495 ·
2519 1444 2819 1533 Philippo
2848 1446 2926 1512 de
2945 1446 3085 1511 Rad
3116 1485 3128 1496 ·
3163 1445 3430 1518 Ricardo
3454 1444 3661 1512 Ruffo,
3702 1499 3705 1502 .

2168 1759 2493 1834 LXVII.

1615 1922 1828 1996 Quarta
1859 1925 2175 1996 tantumn
2211 1943 2495 1997 attatum
2528 1925 2598 1998 {u
2631 1925 3044 2013 mutuum.

958 2077 1269 2257 SOiant
1295 2095 1604 2170 presentes
1633 2094 1697 2148 et
1722 2083 1918 2148 futuri
1947 2084 2117 2170 quod
2145 2109 2263 2173 ego
2295 2065 2569 2151 Thomas
2592 2085 2779 2174 Foyll
2806 2109 3053 2152 assensu
3079 2098 3143 2150 et
3170 2108 3469 2152 consensu
3491 2085 3704 2150 Matil-

1107 2189 1203 2254 dis
1223 2189 1352 2254 filie
1365 2189 1787 2257 Bartholomei
1804 2190 2014 2256 clerici
2032 2192 2249 2257 uxoris
2269 2216 2408 2258 mee
2426 2191 2572 2257 dedi
2589 2192 2860 2258 concessi
2882 2205 2946 2257 et
2965 2192 3083 2257 hac
3098 2191 3369 2279 presenti
3387 2205 3552 2257 carta
3566 2215 3707 2256 mea

947 2293 1309 2358 confirmavi
1350 2292 1552 2358 Priori
1601 2305 1665 2358 et
1709 2294 2044 2360 conventui
2085 2294 2391 2360 Omnium
2435 2295 2802 2362 Sanctorum
2833 2296 3076 2362 Dublin
3116 2334 3128 2347 ·
3163 2297 3494 2362 duodecim
3539 2321 3707 2363 acras

946 2413 1104 2465 terre
1148 2422 1288 2463 mee
1315 2397 1385 2461 in
1413 2398 1721 2464 territorio
1751 2400 1828 2465 de
1861 2400 2222 2488 Kylmellan
2250 2401 2319 2465 in
2362 2425 2583 2489 puram
2628 2415 2691 2468 et
2735 2415 3097 2491 perpetuam
3146 2401 3544 2468 elemosinam
3574 2441 3587 2454 ·
3620 2403 3709 2468 ita

945 2504 1397 2592 perambulatas
1426 2517 1490 2568 et
1517 2519 1894 2572 mensuratas
1930 2505 2090 2572 sicut
2118 2531 2220 2573 eas
2257 2531 2556 2594 umquam
2592 2507 2813 2573 melius
2841 2507 3084 2596 plenius
3122 2521 3187 2574 et
3214 2508 3467 2576 liberius
3496 2509 3703 2596 aliquo

944 2623 1222 2696 tempore
1253 2609 1466 2674 habui.

1073 2717 1412 2783 Habendas
1441 2730 1505 2783 et
1532 2720 1827 2785 tenendas
1855 2720 2088 2787 eisdem
2106 2721 2299 2788 libere
2322 2722 2529 2808 quiete
2558 2722 2755 2787 solute
2776 2722 3015 2810 integre
3036 2745 3183 2787 cum
3211 2721 3499 2790 omnibus
3517 2722 3703 2789 liber-

945 2824 1176 2890 tatibus
1206 2837 1271 2889 et
1298 2822 1506 2889 liberis
1536 2826 2086 2893 consuetudinibus
2115 2828 2197 2893 ad
2226 2828 2455 2894 dictam
2484 2840 2711 2893 terram
2738 2827 3189 2915 pertinentibus
3222 2866 3235 2879 ·
3267 2828 3355 2893 Et
3383 2852 3500 2916 ego
3530 2828 3702 2893 Tho-

944 2952 1076 2994 mas
1104 2940 1169 2993 et
1195 2926 1453 2993 heredes
1497 2928 1623 2993 mei
1653 2928 1846 2994 dictas
1876 2930 2207 2995 duodecim
2248 2954 2414 2995 acras
2444 2944 2603 2996 terre
2649 2954 2791 2997 cum
2839 2931 3125 2997 omnibus
3154 2931 3550 3019 pertinenciis
3578 2932 3701 2996 suis

944 3034 1128 3100 dictis
1158 3032 1360 3099 Priori
1391 3046 1455 3098 et
1483 3034 1818 3100 conventui
1848 3048 2062 3101 contra
2099 3060 2311 3102 omnes
2339 3037 2621 3103 homines
2650 3037 3052 3104 defendemus
3080 3052 3144 3104 et
3170 3037 3702 3105 warenfizabimus

943 3141 1012 3205 in
1058 3152 1450 3227 perpetuum.
1537 3138 1630 3204 Ut
1673 3153 1882 3205 autem
1928 3164 2066 3206 mea
2105 3141 2365 3208 donacio
2404 3143 2713 3208 concessio
2752 3156 2816 3209 et
2864 3157 3030 3210 carte
3075 3144 3469 3210 confirmacio
3514 3145 3702 3209 robur

944 3244 1253 3331 firmitatis
1292 3242 1614 3331 optineant
1649 3243 1926 3331 sigillum
1965 3268 2177 3309 meum
2215 3247 2363 3312 huic
2408 3247 2636 3335 scripto
2666 3249 2941 3336 apposui.
3030 3250 3175 3314 Hiis
3203 3248 3461 3316 testibus
3494 3289 3506 3301 ·
3537 3249 3701 3314 Wil-

945 3350 1131 3417 lelmo
1161 3350 1457 3416 Bostard·
1485 3350 1765 3415 Galfrido
1793 3352 2057 3417 Bostard
2082 3391 2094 3403 ·
2119 3353 2443 3420 Willelmo
2474 3356 2551 3421 de
2582 3354 2748 3422 Rath
2770 3356 3021 3442 juniore
3047 3396 3059 3408 ·
3090 3357 3405 3444 Stephano
3423 3356 3657 3423 Edrich
3685 3396 3698 3408 ·

944 3456 1226 3521 Waltero
1245 3455 1484 3522 Fublee
1519 3456 1876 3523 ·Willelmo
1895 3458 2085 3523 Ruffo
2108 3497 2120 3510 ·
2141 3459 2580 3527 Bartholomeo
2610 3462 2941 3551 Mestaylle
2966 3501 2979 3515 ·
3007 3463 3342 3552 Radulpho
3376 3462 3695 3549 Serjaunt-

949 3565 1218 3632 Ricardo
1251 3563 1540 3649 Se1jaunt
1573 3603 1585 3615 ·
1618 3564 1866 3653 Rogero
1899 3565 2029 3652 Serj
2037 3578 2191 3631 aunt
2216 3580 2280 3632 et
2308 3566 2459 3633 aliis.

2137 3886 2501 3961 LXVIII.

2121 4048 2238 4122 Et
2271 4049 2517 4122 effluent.

1079 4207 1268 4274 Ciant
1291 4218 1602 4295 presentes
1635 4218 1700 4271 et
1723 4206 1920 4272 futuri
1949 4205 2118 4293 quod
2147 4230 2265 4295 ego
2294 4206 2577 4274 Matildis
2604 4207 2736 4274 filia
2762 4207 3185 4275 Bartholomei
3214 4208 3422 4277 clerici
3448 4211 3517 4275 in
3544 4210 3700 4300 legi-

1119 4316 1274 4380 tima
1311 4312 1616 4378 viduitate
1659 4336 1798 4377 mea
1843 4311 2115 4378 concessi
2143 4324 2209 4377 et
2236 4312 2353 4379 hac
2380 4314 2653 4400 presenti
2684 4316 2912 4403 [carta]
2943 4340 3083 4382 mea
3110 4316 3471 4383 confirmavi
3500 4318 3703 4384 Priori

945 4436 1009 4488 et
1035 4419 1372 4489 conventui
1395 4419 1697 4487 Omnium
1718 4418 2084 4485 Sanctorum
2097 4419 2289 4505 juxta
2304 4419 2549 4487 Dublin
2568 4460 2581 4473 ·
2604 4421 2944 4489 duodecem
2972 4448 3141 4491 acras
3161 4438 3320 4492 terre
3348 4450 3493 4491 cum
3514 4425 3702 4513 per-ti-

3467 4554 3703 4597 nencns
