4295 5410
1923 605 2016 696 69

563 779 974 868 quadraginta
1002 780 1214 846 solidis
1244 781 1486 871 argenti
1502 795 1568 848 et
1594 807 1722 848 una
1737 783 1898 850 libra
1925 784 2157 872 piperis
2185 783 2479 872 predictis
2502 780 2705 849 Priori
2734 793 2799 848 et
2827 780 3165 846 conventui
3184 804 3335 866 quo·
3426 816 3439 828 ·

560 883 718 950 libet
745 909 908 951 anno
937 887 1248 952 solvendis
1262 927 1276 939 ·
1290 912 1362 954 ac
1381 888 1459 954 de
1477 889 1840 957 dimissione
1856 890 2034 958 firme
2063 892 2343 979 predicte
2373 905 2519 957 sunt
2540 916 2575 956 a
2592 891 2747 956 festo
2774 889 2988 956 Sancti
3008 888 3337 954 Michaelis

559 1013 722 1055 anno
752 990 1013 1056 Domini
1043 991 1371 1058 millesimo
1400 1018 1472 1060 cc
1501 995 1903 1084 nonagesimo
1933 1010 2155 1062 octavo
2184 997 2595 1086 quadraginta
2623 995 2771 1061 anni
2797 995 3011 1060 futuri.

689 1094 1008 1160 Noveritis
1034 1119 1136 1161 me
1165 1095 1514 1182 predictum
1533 1098 1880 1164 Robertum
1899 1099 2120 1188 Bagod
2147 1099 2351 1165 filium
2374 1115 2437 1166 et
2456 1101 2749 1166 heredem
2779 1097 3045 1190 predicti
3075 1096 3335 1162 Roberti

560 1224 674 1288 pro
703 1223 804 1266 me
833 1213 898 1266 et
924 1200 1258 1267 heredibus
1285 1203 1440 1268 meis
1467 1227 1582 1290 pro
1611 1205 1881 1290 quadam
1909 1207 2175 1292 pecunie
2197 1231 2439 1272 summa
2466 1231 2653 1293 quam
2684 1204 2995 1270 Henricus
3026 1202 3105 1269 de
3121 1202 3333 1268 Wale-

563 1317 674 1367 ton
715 1303 976 1370 clericus
1005 1303 1108 1369 die
1155 1303 1558 1370 confectionis
1603 1306 1818 1394 scripti
1857 1308 2159 1395 presentis
2205 1309 2363 1374 mihi
2393 1309 2569 1376 dedit
2597 1321 2662 1374 et
2690 1308 2877 1374 solvit
2904 1332 3013 1396 pre
3052 1307 3338 1372 manibus

561 1407 886 1474 tradidisse
922 1422 986 1475 et
1014 1410 1380 1476 concessisse
1409 1410 1616 1476 eidem
1645 1411 1926 1478 Henrico
1969 1427 2034 1478 et
2059 1413 2395 1480 heredibus
2437 1415 2563 1480 suis
2591 1414 2898 1502 predictas
2927 1413 3337 1502 quadraginta

562 1538 730 1580 acras
757 1527 920 1580 terre
947 1537 1094 1581 cum
1123 1514 1411 1580 omnibus
1432 1516 1836 1604 pertinenciis
1866 1517 1990 1582 suis
2018 1517 2088 1580 in
2115 1530 2473 1584 tenemento
2495 1519 2574 1584 de
2603 1518 3041 1584 Donenalbroc
3076 1557 3087 1568 ·
3120 1531 3334 1583 tenen-

559 1619 667 1686 das
696 1633 762 1686 et
786 1620 1102 1686 habendas
1144 1621 1424 1708 predicto
1454 1622 1735 1688 Henrico
1779 1635 1843 1689 et
1871 1623 2205 1689 heredibus
2236 1623 2361 1688 suis
2390 1625 2468 1690 de
2491 1624 2787 1712 predictis
2816 1623 3033 1688 Priore
3078 1638 3143 1689 et
3186 1648 3333 1690 con-

559 1739 752 1792 ventu
775 1725 1081 1792 Omnium
1107 1727 1476 1795 Sanctorum
1504 1743 1570 1796 et
1597 1731 2046 1796 successoribus
2068 1731 2193 1796 suis
2223 1731 2303 1796 ad
2334 1745 2535 1796 totum
2558 1731 2896 1797 terminum
2926 1729 3336 1819 quadraginta

561 1855 864 1898 annorum
901 1832 1322 1921 predictorum
1361 1834 1522 1902 sicut
1559 1836 1910 1923 predictum
1948 1851 2041 1902 est
2068 1836 2421 1902 futurorum
2451 1836 2645 1904 libere
2684 1837 2895 1923 quiete
2931 1836 3174 1925 integre
3203 1836 3336 1924 ple-

562 1939 734 2005 narie
761 1951 828 2004 et
853 1939 921 2004 in
949 1963 1120 2026 pace.

687 2043 1036 2111 Reddendo
1063 2044 1212 2110 inde
1250 2043 1573 2110 annuatim
1601 2045 1894 2133 predictis
1924 2046 2128 2112 Priori
2158 2058 2222 2112 et
2249 2045 2587 2113 conventui
2616 2057 2682 2112 et
2720 2048 3171 2114 successoribus
3209 2049 3334 2112 suis

559 2149 869 2236 predictos
898 2149 1309 2237 quadraginta
1336 2148 1564 2214 solidos
1593 2163 1658 2215 et
1685 2149 2028 2237 predictam
2055 2151 2279 2217 libram
2308 2152 2540 2240 piperis
2574 2191 2587 2202 ·
2611 2152 2907 2219 videlicet
2934 2155 3163 2244 viginti
3192 2156 3334 2221 soli-

560 2255 670 2320 dos
699 2254 781 2320 ad
818 2277 1002 2342 pasca
1028 2267 1094 2319 et
1119 2253 1351 2342 viginti
1379 2252 1608 2318 solidos
1646 2254 1726 2320 ad
1754 2253 1980 2320 festum
2013 2255 2227 2321 Sancti
2258 2257 2588 2322 Michaelis
2634 2271 2698 2324 et
2735 2259 3079 2345 predictam
3107 2261 3329 2326 libram

559 2363 793 2451 piperis
821 2363 901 2428 ad
923 2365 1118 2429 Pasca
1143 2385 1258 2450 pro
1287 2361 1576 2429 omnibus
1605 2363 1879 2429 serviciis
1909 2364 2287 2431 secularibus
2316 2365 2497 2431 sectis
2526 2365 2839 2431 curiarum
2867 2365 3330 2430 consuetudini-

559 2471 676 2535 bus
705 2469 1140 2536 exactionibus
1168 2481 1232 2534 et
1262 2466 1585 2533 demandis
1621 2467 2000 2533 secularibus
2031 2505 2047 2519 ·
2076 2481 2265 2556 prout
2308 2468 2532 2534 melius
2579 2481 2645 2534 et
2680 2467 2935 2534 liberius
2980 2469 3335 2535 continetur

557 2574 626 2638 in
652 2573 832 2640 litera
859 2575 1280 2662 predictorum
1309 2573 1544 2638 Prior-is
1572 2589 1638 2639 et
1657 2588 2000 2640 conventus
2030 2575 2109 2640 de
2137 2576 2456 2640 communi
2487 2575 2692 2664 sigillo
2720 2599 2833 2640 suo
2862 2575 3139 2662 predicto
3168 2577 3331 2663 patri

557 2708 696 2751 meo
727 2683 806 2750 de
835 2683 1100 2750 termino
1138 2681 1418 2771 predicto
1447 2681 1609 2748 facta
1637 2705 1824 2768 quam
1854 2679 2135 2769 predicto
2167 2681 2446 2749 Henrico
2476 2682 2835 2749 deliberavi.
2925 2683 3004 2748 In
3032 2683 3209 2769 cujus
3238 2683 3329 2748 rei

557 2790 982 2855 testimonium
1022 2789 1174 2854 huic
1219 2787 1447 2875 scripto
1493 2786 1770 2875 sigillum
1812 2810 2024 2852 meum
2076 2788 2353 2875 apposui.
2441 2788 2681 2854 Datum
2719 2788 2963 2854 Dublin
3012 2802 3191 2855 sexto
3226 2788 3327 2853 die

559 2893 882 2961 Februarii
912 2918 1074 2961 anno
1104 2893 1365 2959 Domini
1394 2894 1725 2960 millesimo
1753 2920 1824 2962 cc
1853 2896 2255 2983 nonagesimo
2284 2909 2522 2962 octavo.

1722 3242 2169 3317 LXXVIII.

1361 3429 1476 3503 Bt
1510 3449 1681 3520 aqua
1708 3433 1780 3502 δε
1810 3430 2046 3519 mum
2073 3434 2371 3519 uuttnha,
2407 3434 2516 3503 ὅτε.

739 3616 887 3683 Nno
916 3617 1095 3706 regni
1123 3616 1288 3705 regis
1309 3615 1608 3683 Edwardi
1638 3617 1948 3683 tricesimo
1978 3618 2200 3703 quinto
2226 3618 2297 3683 in
2325 3618 2547 3707 vigilia
2579 3617 2794 3684 Sancti
2822 3617 3083 3706 Georgii
3112 3622 3321 3685 marti-

781 3724 866 3788 ris
894 3723 985 3789 ita
1021 3722 1318 3791 convenit
1343 3722 1508 3788 inter
1536 3723 1817 3790 Priorem
1856 3736 1920 3789 et
1956 3738 2337 3790 conventum
2366 3724 2587 3789 domus
2616 3722 2920 3789 Omnium
2955 3723 3323 3789 Sanctorum

545 3826 734 3911 juxta
761 3826 1006 3891 Dublin
1051 3850 1136 3892 ex
1181 3848 1307 3890 una
1351 3837 1525 3913 parte
1570 3837 1636 3890 et
1673 3825 1999 3892 dominum
2029 3826 2377 3893 Robertum
2405 3827 2611 3915 Bagot
2638 3852 2723 3893 ex
2762 3827 2953 3893 altera
2984 3866 2997 3879 ·
3030 3827 3324 3895 videlicet

555 3932 722 4017 quod
750 3931 1064 4019 predictus
1085 3932 1396 3999 Robertus
1424 3956 1538 4019 pro
1567 3956 1630 3999 se
1659 3946 1725 3999 et
1750 3932 2084 3999 heredibus
2111 3934 2239 4000 suis
2266 3935 2567 4000 concessit
2595 3934 2827 4000 eisdem
2851 3933 3054 3999 Priori
3083 3944 3147 4000 et
3175 3959 3320 4000 con-

553 4043 768 4108 ventui
796 4056 861 4108 et
888 4066 1102 4109 eorum
1132 4041 1580 4108 successoribus
1607 4041 1867 4107 liberam
1897 4042 2066 4107 viam
2094 4056 2160 4107 et
2179 4039 2505 4106 licenciam
2533 4039 2820 4105 trahendi
2848 4052 2913 4106 et
2931 4040 3323 4106 conducendi

553 4171 774 4233 aquarn
804 4149 883 4214 de
912 4148 1136 4237 Dodyr
1164 4171 1277 4235 per
1303 4146 1575 4214 mediam
1603 4159 1830 4217 terram
1867 4172 2042 4213 suam
2071 4161 2135 4214 et
2174 4160 2600 4213 tenementum
2628 4170 2811 4211 suum
2840 4144 2919 4211 de
2948 4145 3117 4211 Rath
3142 4184 3155 4195 ·
3180 4146 3318 4210 ubi-

550 4280 818 4346 cumque
847 4269 909 4323 et
936 4280 1049 4345 per
1069 4278 1526 4345 quemcumque
1554 4253 1761 4319 locum
1791 4252 1986 4319 iidem
2015 4252 2197 4317 Prior
2224 4263 2289 4317 et
2326 4262 2671 4316 conventus
2700 4249 2929 4338 eligere
2957 4248 3269 4314 voluerint
3300 4286 3313 4298 ·

548 4377 613 4431 et
631 4364 710 4431 ad
725 4364 1122 4430 commodum
1151 4386 1332 4430 suum
1362 4362 1726 4450 expedicius
1755 4375 1821 4429 et
1847 4360 2063 4427 utilius
2091 4358 2393 4448 expedire
2422 4356 2697 4425 viderint
2720 4397 2732 4409 -
2759 4380 2955 4442 usque
2984 4356 3064 4421 ad
3081 4353 3315 4420 molen-

3090 4462 3309 4527 dinum
