4295 5410
1867 669 1957 742 33

1741 917 2044 990 XXIX.

681 1104 796 1181 Dc
829 1105 936 1180 litt
971 1112 1142 1177 mota
1174 1102 1329 1175 εἰπε
1362 1102 1690 1193 prenittam
1725 1114 1952 1178 tetram
1985 1102 2282 1178 relaxatio
2322 1105 2591 1181 mitam(
2625 1107 3118 1197 antummum.

703 1295 973 1361 Overint
1007 1291 1280 1358 universi
1310 1315 1422 1379 per
1447 1305 1761 1380 presentes
1799 1317 1900 1359 me
1931 1293 2273 1361 Ricardum
2304 1295 2767 1386 Chamberleyn
2810 1299 3014 1365 civem
3044 1301 3285 1367 Dublin

729 1401 1033 1469 remisisse
1076 1398 1383 1464 relaxasse
1430 1421 1500 1464 ac
1548 1399 1802 1466 omnino
1831 1424 1945 1488 pro
1992 1425 2092 1466 me
2139 1413 2205 1466 et
2232 1401 2566 1468 heredibus
2611 1403 2766 1469 meis
2805 1405 2871 1468 in
2917 1419 3288 1493 perpetuum

513 1511 799 1597 quietum
827 1508 1120 1575 clamasse
1151 1505 1354 1570 Priori
1382 1518 1448 1571 et
1475 1507 1814 1572 conventui
1843 1508 2064 1573 domus
2094 1507 2400 1573 Omnium
2434 1508 2803 1575 Sanctorum
2824 1511 3017 1597 juxta
3044 1510 3286 1577 Dublin

514 1628 580 1682 et
635 1639 851 1681 eorum
901 1613 1351 1680 successoribus
1408 1626 1611 1679 totum
1650 1614 1756 1700 jus
1807 1627 2018 1681 meum
2064 1629 2129 1682 et
2177 1616 2509 1682 clameum‘
2533 1641 2655 1703 que
2694 1616 2895 1683 habeo
2932 1617 3127 1685 habui
3178 1642 3287 1683 seu

513 1720 922 1808 quovismodo
950 1720 1180 1785 habere
1209 1734 1426 1807 potero
1459 1760 1472 1773 ·
1501 1719 1572 1786 in
1601 1722 1869 1808 quadam
1898 1735 2062 1788 terra
2089 1747 2234 1789 cum
2257 1723 2519 1790 edificiis
2546 1737 2612 1790 et
2640 1725 2765 1789 suis
2794 1725 3191 1813 pertinenciis
3218 1725 3287 1789 in

511 1827 811 1894 suburbio
841 1826 1085 1893 Dublin
1129 1826 1198 1891 in
1243 1827 1538 1915 parochia
1569 1827 1784 1894 Sancti
1812 1829 1986 1895 Petri
2015 1829 2094 1896 de
2138 1829 2202 1895 la
2230 1829 2427 1895 Hulle
2459 1866 2474 1883 ·
2505 1855 2628 1916 que
2657 1831 2828 1917 jacet
2861 1831 3025 1896 inter
3060 1845 3287 1897 terram

512 1933 828 2019 quondam
859 1933 1142 2022 Philippi
1173 1933 1251 2000 de
1280 1933 1680 2001 Assheborne
1709 1959 1796 2002 ex
1823 1949 1998 2024 parte
2026 1960 2155 2002 una
2190 1949 2255 2002 et
2282 1949 2509 2002 terram
2545 1961 2745 2026 nuper
2773 1936 2917 2003 Elie
2947 1939 3025 2002 de
3053 1937 3286 2003 Asshe-

511 2043 752 2107 bourne
775 2063 860 2105 ex
889 2053 1064 2127 parte
1094 2039 1286 2104 altera
1318 2078 1330 2089 -
1363 2052 1427 2104 et
1449 2040 1739 2106 extendit
1760 2063 1826 2106 se
1846 2040 1915 2105 in
1943 2039 2345 2128 longitudine
2374 2064 2411 2105 a
2436 2040 2633 2129 regali
2662 2039 2767 2105 via
2795 2041 3065 2106 anterius
3094 2065 3290 2127 usque

514 2145 595 2211 ad
621 2158 849 2211 terram
880 2143 1033 2209 dicti
1065 2142 1347 2230 Philippi
1377 2143 1680 2230 posterius
1713 2180 1726 2194 ·
1758 2157 1823 2210 et
1852 2143 2131 2209 continet
2160 2143 2432 2209 anterius
2470 2143 2539 2209 in
2566 2143 2897 2210 latitudine
2940 2145 3199 2232 triginta
3226 2160 3291 2210 et

511 2277 626 2318 sex
656 2253 847 2340 pedes
879 2290 893 2302 ·
925 2252 992 2315 in
1021 2250 1230 2316 medio
1260 2250 1672 2338 quadraginta
1697 2265 1762 2316 et
1790 2275 1985 2316 unum
2009 2249 2199 2338 pedes
2231 2288 2245 2302 ·
2278 2251 2581 2338 posterius
2610 2275 2758 2318 vero
2787 2251 3198 2339 quadraginta
3225 2265 3290 2316 et

513 2383 628 2424 sex
657 2358 865 2446 pedes.
943 2356 1043 2421 Ita
1072 2356 1242 2442 quod
1269 2380 1385 2421 nec
1414 2380 1533 2444 ego
1564 2355 1766 2422 dictus
1797 2357 2100 2423 Ricardus
2138 2380 2256 2422 nec
2285 2356 2543 2422 heredes
2572 2356 2697 2422 mei
2726 2381 2841 2423 nec
2880 2355 3103 2442 aliquis
3133 2356 3289 2421 alius

513 2465 772 2530 nomine
818 2475 1029 2528 nostro
1077 2462 1330 2549 aliquod
1351 2463 1457 2548 jus
1495 2463 1599 2528 vel
1628 2462 1938 2529 clameum
1965 2463 2034 2528 in
2077 2475 2241 2528 terra
2284 2462 2567 2550 predicta
2610 2487 2755 2528 cum
2784 2462 3183 2550 pertinenciis
3212 2461 3290 2527 de

512 2583 720 2634 cetero
748 2567 1004 2655 exigere
1024 2567 1254 2632 habere
1281 2589 1392 2632 seu
1419 2565 1750 2632 vendicare
1771 2567 2112 2655 poterimus
2133 2566 2203 2631 in
2222 2567 2523 2633 futurum.
2599 2567 2711 2634 Set
2738 2569 2817 2633 ab
2846 2567 3017 2631 omni
3045 2567 3289 2634 actione

513 2687 577 2739 et
598 2672 759 2759 juris
805 2671 1080 2737 remedio
1111 2670 1359 2759 penitus
1387 2669 1536 2735 inde
1581 2693 1794 2736 sumus
1843 2672 2085 2739 exclusi
2130 2696 2245 2761 per
2288 2687 2600 2762 presentes
2644 2676 3123 2764 imperpetuum.
3210 2675 3291 2741 In

514 2782 694 2867 cujus
722 2780 812 2846 rei
842 2780 1268 2845 testimonium
1296 2779 1574 2868 sigillum
1595 2804 1806 2845 meum
1828 2782 2215 2868 presentibus
2236 2796 2329 2847 est
2350 2807 2708 2871 appensum.
2756 2783 2991 2847 Datum
3020 2782 3290 2848 secundo

514 2884 618 2950 die
641 2884 800 2950 Maii
820 2908 984 2951 anno
1011 2883 1190 2972 regni
1219 2882 1384 2971 regis
1401 2882 1656 2948 Ricardi
1683 2884 1941 2949 secundi
1969 2898 2110 2973 post
2136 2904 2547 2973 conquestum
2565 2888 2802 2977 Anglie
2832 2888 3074 2955 decimo
3102 2913 3288 2955 nono·

650 2995 854 3071 filias
890 2998 1262 3070 intraturas
1298 3000 1378 3068 au
1411 3000 1664 3068 tannem
1701 3008 1928 3070 tetram
1961 2997 2334 3088 perstamus
2370 3018 2548 3089 qum
2583 2999 2651 3073 in
2686 3000 2842 3073 tista
2878 2999 3035 3072 {utet
3070 2999 3284 3072 innen-

519 3132 720 3195 tutas.

1773 3346 2034 3418 XXX.

1142 3532 1234 3606 {ht
1268 3532 1558 3624 patntffla
1594 3528 1839 3616 §antii
1871 3529 2252 3619 §aithalis
2284 3535 2357 3604 1¹2
2390 3529 2456 3605 {a
2490 3529 2649 3626 2301.

691 3722 950 3788 Mnibus
980 3720 1216 3787 Christi
1243 3722 1534 3789 fidelibus
1584 3722 1667 3788 ad
1711 3746 1866 3808 quos
1903 3744 2153 3809 presens
2200 3724 2500 3811 scriptum
2538 3720 2892 3810 pervenerit
2920 3721 3290 3811 Radulphus

720 3831 799 3896 de
829 3830 1014 3897 Mora
1040 3830 1302 3897 salutem
1330 3870 1342 3883 ·
1367 3831 1632 3898 Noverit
1659 3830 2028 3897 universitas
2055 3842 2261 3896 vestra
2286 3852 2389 3894 me
2418 3828 2635 3893 divine
2664 3827 2934 3892 caritatis
2961 3827 3197 3893 intuitu
3226 3842 3291 3893 et

516 3960 628 4023 pro
673 3936 871 4002 salute
910 3937 1116 4002 anime
1157 3960 1294 4003 mee
1323 3950 1777 4004 antecessorum
1805 3951 1870 4003 et
1899 3958 2317 4004 successorum
2345 3958 2627 3999 meorum
2657 3932 2897 3998 dedisse
2925 3934 3289 4000 concessisse

513 4057 578 4107 et
605 4042 724 4107 hac
750 4040 1022 4130 presenti
1051 4054 1220 4107 carta
1269 4065 1410 4108 mea
1455 4041 1846 4109 confirmasse
1876 4041 2015 4107 Deo
2061 4053 2126 4107 et
2154 4042 2336 4107 beate
2364 4039 2569 4105 Marie
2608 4051 2673 4105 et
2700 4038 2955 4105 ecclesie
2986 4039 3287 4104 Omnium

519 4144 888 4212 Sanctorum
908 4146 1101 4232 juxta
1128 4145 1374 4211 Dublin
1403 4158 1466 4213 et
1503 4144 1817 4212 canonicis
1853 4144 2091 4212 ibidem
2121 4144 2261 4210 Deo
2308 4142 2717 4210 servientibus
2751 4182 2765 4194 ·
2795 4144 3109 4209 redditum
3138 4169 3287 4230 qua-

513 4266 656 4317 tuor
700 4250 1042 4318 solidorum
1093 4253 1413 4319 annuatim
1460 4253 1932 4342 percipiendum
1970 4254 2050 4319 de
2093 4265 2256 4319 terra
2306 4276 2494 4339 quam
2539 4265 2723 4319 teneo
2773 4252 2851 4318 de
2896 4253 3182 4318 Prioratu
3210 4253 3288 4317 de

515 4356 812 4423 Dimlech
866 4356 935 4421 in
997 4356 1298 4423 suburbio
1349 4357 1595 4424 Dublin
1644 4356 1714 4421 in
1759 4357 2052 4444 parochia
2110 4356 2325 4424 Sancti
2380 4356 2711 4423 Michaelis
2756 4355 2835 4421 de
2880 4357 3059 4421 Polla
3103 4370 3169 4422 et
3212 4361 3291 4425 ab

514 4461 850 4528 heredibus
895 4462 1050 4529 meis
1101 4463 1490 4552 exigendum
1537 4464 1606 4531 in
1635 4464 1878 4531 duobus
1925 4464 2072 4531 anni
2117 4464 2399 4531 terminis
2431 4500 2446 4515 ·
2478 4462 2714 4529 scilicet
2750 4462 2905 4529 duos
2953 4461 3178 4527 solidos
3222 4464 3290 4528 in

595 4588 780 4633 nusn
808 4588 1000 4634 Anca.
1033 4588 1159 4635 soc.
1200 4592 1293 4634 10.
1867 4567 1923 4632 F
3020 4568 3285 4633 termino
