4295 5410
1969 599 2050 668 81

1466 1008 1611 1109 [Ἐκ
1643 1010 1916 1086 vitatio
1947 1012 2020 1081 ut
2051 1007 2535 1107 immutatum]

784 1197 1119 1264 Everendo
1161 1197 1229 1262 in
1268 1196 1522 1263 Christo
1565 1200 1728 1286 patri
1775 1224 1847 1267 ac
1884 1200 2139 1266 domino
2170 1200 2425 1265 domino
2454 1200 2498 1265 J
2500 1200 2732 1265 ohanni
2772 1198 2897 1263 Dei
2944 1210 3008 1263 et
3052 1199 3387 1286 apostolice

825 1304 988 1369 sedis
1009 1302 1218 1391 gracia
1245 1302 1536 1391 episcopo
1559 1304 1861 1371 Fernensi
1883 1317 2087 1371 vester
2115 1304 2373 1371 humilis
2402 1318 2463 1371 et
2494 1306 2759 1370 devotus
2781 1303 3163 1369 Laurencius
3192 1305 3391 1371 eccle-

605 1412 692 1475 sie
735 1408 1130 1476 cathedrallis
1157 1408 1490 1475 Fernensis
1538 1410 2011 1477 archidiaconus
2053 1412 2479 1479 reverenciam
2522 1425 2696 1477 tanto
2727 1412 2891 1500 patri
2921 1410 3199 1478 debitam
3241 1436 3389 1479 cum

609 1516 862 1581 honore.

735 1620 1169 1687 Reverendam
1194 1621 1631 1709 paternitatem
1658 1636 1929 1689 vestram
1951 1636 2164 1689 tenore
2185 1625 2577 1711 presencium
2606 1624 2933 1690 certificari
2962 1624 3251 1690 volumus
3278 1648 3391 1689 nos

605 1726 814 1791 literas
843 1739 1076 1791 vestras
1102 1726 1467 1791 mandatum
1497 1727 1576 1793 ad
1603 1726 2050 1813 inquirendum
2078 1750 2266 1814 super
2292 1728 2623 1795 vacacione
2646 1740 2711 1793 et
2732 1728 3195 1815 presentacione
3225 1728 3393 1795 vica·

606 1833 698 1898 rie
726 1831 986 1898 ecclesie
1015 1831 1384 1919 parochialis
1414 1832 1493 1898 de
1523 1832 1924 1898 Rathmakne
1952 1848 2017 1899 et
2043 1833 2375 1899 idonietati
2404 1835 2739 1921 presentati
2769 1848 2835 1899 et
2861 1836 2998 1900 aliis
3028 1835 3303 1903 articulis
3331 1849 3396 1900 et

609 1938 1092 2004 circumstanciis
1112 1937 1474 2024 hujusmodi
1496 1939 1894 2007 vacacionem
1922 1941 2453 2028 presentacionem
2481 1954 2545 2006 et
2566 1954 2984 2029 presentatum
3015 1964 3392 2006 concernen-

609 2046 775 2112 tibus
821 2044 1210 2110 continentes
1259 2043 1564 2131 recepisse
1613 2044 1682 2107 in
1725 2044 1846 2110 hec
1897 2046 2104 2109 verba.
2192 2044 2235 2109 J
2239 2044 2513 2109 ohannes
2563 2045 2687 2111 Dei
2738 2058 2802 2110 et
2848 2044 3184 2132 apostolice
3230 2043 3392 2109 sedis

607 2152 816 2240 gracia
842 2151 1168 2238 episcopus
1189 2148 1518 2215 Fernensis
1540 2148 1770 2216 dilecto
1799 2150 1978 2215 nobis
2007 2151 2269 2215 honesto
2298 2150 2562 2216 discreto
2592 2164 2656 2215 et
2684 2152 3037 2238 conspicato
3066 2151 3203 2214 viro
3225 2149 3392 2214 Lau·

609 2258 818 2323 reneio
847 2270 1054 2322 nostre
1083 2255 1340 2321 ecclesie
1369 2254 1740 2321 cathedralis
1757 2256 2089 2321 Fernensis
2118 2256 2554 2321 archidiacono
2582 2266 2689 2321 &c.
2780 2256 2978 2342 Cujus
3006 2280 3155 2323 vero
3178 2258 3394 2345 vigore

609 2363 888 2429 mandati
915 2360 1395 2448 inquisicionem
1422 2360 1492 2425 in
1521 2360 1709 2449 pleno
1737 2361 1860 2428 loci
1889 2361 2165 2449 capitulo
2188 2362 2555 2450 diligentem
2586 2363 2927 2428 secundum
2956 2363 3218 2427 formam
3246 2386 3393 2429 con-

609 2468 958 2535 stitucionis
987 2467 1290 2555 recepisse
1319 2490 1431 2555 per
1459 2468 1836 2555 subscriptos
1869 2506 1882 2519 ·
1915 2468 2212 2534 videlicet
2241 2469 2535 2535 Rectores
2565 2482 2630 2534 et
2657 2469 2964 2536 vicarios,

738 2575 1087 2640 Dominum
1133 2574 1481 2641 Robertum
1533 2574 1818 2640 Sottown
1863 2588 2167 2641 rectorem
2213 2576 2292 2641 de
2339 2576 2580 2664 Fydart
2623 2614 2636 2627 ·
2679 2575 3005 2641 dominum
3052 2575 3395 2642 Ricardum

611 2682 896 2771 Boysher
921 2694 1224 2748 rectorem
1255 2680 1332 2746 de
1364 2680 1672 2747 Culstuffe
1707 2719 1720 2732 -
1753 2680 2079 2746 dominum
2109 2681 2153 2746 J
2156 2680 2467 2746 ohannem
2498 2680 2759 2769 Beggan
2790 2680 3093 2746 vicarium
3122 2681 3201 2748 de
3234 2681 3393 2769 Kyl-

611 2811 748 2852 mor
773 2825 786 2838 ·
812 2785 1137 2852 dominum
1169 2785 1484 2850 Thomam
1513 2785 1744 2848 Brown
1774 2783 2078 2849 vicarium
2109 2785 2189 2850 de
2219 2785 2597 2850 Malrankan
2623 2825 2634 2838 -
2662 2786 2988 2852 dominum
3016 2787 3395 2854 Nicholaum

614 2891 960 2980 Connycke
1007 2906 1307 2956 rectorem
1347 2890 1424 2956 de
1457 2891 1862 2978 Kylmannan
1896 2929 1909 2943 ·
1942 2891 2271 2956 dominum
2312 2893 2667 2958 Daniellem
2708 2892 2917 2981 Reyly
2968 2893 3271 2960 vicarium
3315 2894 3394 2960 de

615 3001 849 3089 Kyllag
870 3039 882 3051 ·
905 3001 1232 3065 dominum
1255 2998 1598 3065 Ricardum
1623 3000 1911 3088 Kettyng
1939 3001 2245 3066 vicarium
2276 3001 2353 3066 de
2375 3000 2733 3088 Kylkewan
2754 3038 2767 3051 ·
2788 3000 3115 3065 dominum
3143 2999 3395 3065 Willel-

609 3130 786 3171 mum
816 3107 1078 3172 Grawnt
1097 3105 1402 3171 vicariurn
1423 3106 1502 3171 de
1534 3106 1889 3194 Kylturcke
1924 3147 1936 3158 ·
1969 3107 2298 3173 dominum
2318 3107 2673 3173 Walterum
2703 3106 2951 3172 Fowler
2980 3105 3283 3172 vicarium
3313 3105 3393 3169 de

613 3214 878 3280 Clomen
913 3251 924 3264 ·
958 3212 1285 3277 dominum
1315 3211 1658 3276 Ricardum
1687 3211 1896 3298 Cloyn
1925 3212 2230 3278 vicarium
2259 3211 2339 3276 de
2368 3210 2613 3300 Maglas
2648 3251 2659 3262 ·
2693 3211 3017 3275 dominum
3040 3211 3084 3276 J
3086 3209 3396 3275 ohannem

612 3320 932 3407 Wylmott
958 3319 1264 3384 vicarium
1288 3318 1366 3384 de
1391 3318 1617 3384 Hocke
1640 3319 2000 3384 -dominum
2019 3317 2377 3384 Galfridum
2395 3318 2599 3384 Brene
2629 3330 2912 3384 curatum
2936 3317 3014 3382 de
3038 3316 3392 3404 Ballymor·

613 3425 1007 3491 Willelmum
1031 3425 1316 3513 Boysher
1343 3450 1712 3514 generosum
1740 3426 2100 3490 -dominum
2127 3426 2172 3491 J
2174 3427 2483 3492 ohannem
2502 3425 2692 3512 Wytt
2720 3436 3007 3491 curatum
3036 3423 3115 3489 de
3143 3422 3393 3488 Ballen-

612 3555 738 3596 nan
764 3570 777 3583 ·
799 3531 1124 3595 dominum
1154 3529 1442 3595 Tadeum
1473 3529 1979 3595 archidiaconum
2008 3543 2293 3595 curatum
2324 3529 2402 3594 de
2433 3529 2751 3594 Bunnoun
2778 3563 2795 3579 ·
2833 3527 3223 3615 Stephanum
3241 3527 3396 3591 For-

611 3638 765 3726 long
807 3659 1174 3724 generosum
1210 3672 1224 3686 ·
1258 3634 1584 3698 dominum
1614 3633 1972 3698 Galfridum
2000 3631 2263 3697 Walsch
2302 3646 2587 3698 curatum
2626 3631 2704 3697 de
2741 3631 2955 3696 Insula
2987 3668 2999 3681 ·
3040 3631 3084 3696 J
3086 3630 3395 3696 ohannem

615 3743 898 3831 Boysher
926 3741 1308 3830 prepositum
1339 3740 1418 3805 de
1449 3739 1731 3804 Clomen.

745 3848 872 3929 Qui
902 3849 970 3913 in
999 3847 1196 3913 forma
1215 3846 1377 3932 juris
1396 3845 1593 3931 jurati
1622 3869 1806 3933 super
1835 3868 2015 3909 suum
2047 3856 2499 3910 sacramentum
2523 3843 2743 3908 dicunt
2772 3841 2941 3928 quod
2972 3841 3139 3908 dicta
3167 3842 3401 3908 vicaria

613 3956 860 4022 vacavit
899 3980 936 4020 a
961 3954 1181 4042 vigilia
1211 3952 1448 4018 Pasche
1490 3951 1715 4016 ultimo
1752 3949 2048 4038 preterito
2085 3974 2199 4037 per
2240 3967 2503 4014 mortem
2534 3949 2773 4013 domini
2802 3949 2845 4013 J
2848 3948 3109 4014 ohannis
3136 3948 3396 4037 Ablyne

613 4062 822 4128 ultimi
853 4060 1069 4126 vicarii
1097 4059 1335 4125 ibidem
1363 4097 1376 4110 ·
1401 4058 1565 4123 Item
1595 4056 1814 4122 dicunt
1842 4056 2012 4144 quod
2035 4057 2217 4121 Prior
2238 4071 2302 4122 et
2330 4071 2672 4121 conventus
2696 4056 3001 4122 Omnium
3028 4058 3397 4126 Sanctorum

602 4172 795 4257 juxta
824 4169 1068 4235 Dublin
1099 4165 1529 4232 Dubliniensis
1559 4165 1872 4231 dioceseos
1902 4176 2048 4229 sunt
2075 4164 2209 4229 veri
2239 4166 2483 4252 patroni
2514 4165 2793 4250 ejusdem
2823 4165 3053 4232 vicarie
3082 4178 3146 4232 et
3172 4165 3395 4230 ultimo

611 4287 1125 4362 presentaverunt
1160 4273 1239 4338 ad
1268 4273 1528 4338 eandem
1557 4311 1571 4324 ·
1597 4272 1762 4338 Item
1793 4272 2012 4337 dicunt
2049 4272 2217 4358 quod
2247 4297 2374 4337 non
2414 4286 2507 4338 est
2534 4272 2809 4361 litigiosa
2848 4299 2963 4340 nec
3000 4273 3399 4362 pencionaria

614 4393 708 4445 set
736 4392 829 4444 est
856 4379 1246 4466 porcionaria
1275 4416 1288 4429 ·
1318 4379 1618 4448 videlicet
1648 4381 1820 4468 quod
1857 4381 2101 4468 patroni
2131 4382 2366 4447 habent
2394 4382 2661 4470 primam
2709 4383 3066 4470 porcionem
3114 4381 3395 4447 omnium

699 4507 882 4552 nusn
913 4508 1104 4554 Anca.
1138 4509 1264 4554 soc.
1305 4511 1399 4554 10.
1980 4488 2053 4555 M
3078 4489 3394 4554 fructuum
