4295 5410
1951 640 2081 713 lvii

616 832 802 907 prout
831 819 1147 909 predictus
1177 820 1496 887 Walterus
1527 822 1835 887 Han'coke
1867 848 2067 911 nuper
2097 824 2281 889 Prior
2324 825 2629 911 prioratus
2677 826 2809 890 sive
2853 826 3073 891 domus
3117 828 3397 914 predicte

614 926 682 991 in
717 927 862 1012 jure
891 927 1172 1013 ejusdem
1201 928 1310 994 illa
1337 928 1469 993 sive
1513 930 1785 1015 aliquam
1823 930 1973 996 inde
2020 932 2355 1019 parcellam
2401 932 2624 998 habuit
2666 932 2871 997 tenuit
2911 933 3011 998 vel
3058 934 3287 999 habere
3332 951 3396 999 et

613 1045 826 1098 tenere
855 1031 1171 1098 debuisset
1197 1046 1307 1099 aut
1333 1031 1659 1099 consuevit
1695 1048 1759 1099 et
1789 1035 1944 1099 adeo
1973 1036 2159 1123 plene
2200 1050 2264 1100 et
2306 1034 2549 1123 integre
2578 1060 2651 1101 ac
2680 1035 2747 1099 in
2790 1050 2917 1101 tam
2949 1036 3171 1125 amplis
3204 1037 3391 1101 modo

615 1150 680 1202 et
706 1137 906 1202 forma
933 1149 1120 1224 prout
1145 1136 1461 1224 predictus
1503 1160 1706 1223 nuper
1734 1138 2040 1224 prioratus
2084 1138 2215 1204 sive
2262 1138 2483 1204 domus
2526 1139 2802 1205 maneria
2844 1140 3191 1227 messuagia
3232 1152 3392 1205 terre

615 1255 970 1308 tenementa
999 1267 1070 1307 ac
1100 1242 1310 1308 omnia
1337 1257 1402 1309 et
1430 1244 1676 1331 singula
1703 1246 2000 1332 premissa
2028 1245 2107 1311 ad
2139 1270 2359 1310 manus
2389 1260 2625 1311 nostras
2655 1246 3095 1332 quoquomodo
3125 1245 3391 1311 devene-

617 1361 764 1415 runt
793 1362 902 1415 aut
929 1349 1222 1415 devenire
1251 1349 1604 1416 debuerunt
1649 1374 1663 1387 ·
1719 1351 2028 1417 Habenda
2077 1366 2144 1417 et
2186 1352 2457 1417 tenenda
2499 1352 2849 1438 predictum
2896 1352 3155 1416 domum
3202 1352 3391 1417 situm

616 1470 681 1520 et
723 1455 1110 1542 precinctum
1149 1454 1302 1520 dicti
1346 1478 1549 1543 nuper
1585 1456 1894 1543 prioratus
1943 1480 2014 1521 ac
2061 1456 2273 1521 omnia
2317 1470 2382 1521 et
2427 1456 2675 1545 singula
2719 1458 2995 1522 maneria
3044 1459 3392 1546 messuagia

613 1576 804 1629 terras
849 1576 1206 1629 tenementa
1251 1588 1322 1629 ac
1369 1564 1580 1629 omnia
1629 1578 1694 1629 et
1737 1564 1984 1652 singula
2034 1565 2332 1651 premissa
2360 1586 2754 1650 quecumque
2785 1564 2866 1629 ad
2906 1563 3145 1629 dictum
3190 1588 3390 1651 nuper

613 1669 954 1756 prioratum
985 1670 1115 1735 sive
1146 1669 1403 1733 domum
1433 1670 1786 1757 spectancia
1803 1671 1904 1735 vel
1935 1671 2323 1758 pertinencia
2352 1669 2601 1758 prefatis
2620 1669 2839 1735 maiori
2868 1669 3116 1735 ballivis
3144 1668 3390 1734 civibus

613 1787 678 1839 et
705 1775 1140 1841 communitati
1169 1774 1441 1841 civitatis
1468 1788 1676 1840 nostre
1710 1774 1991 1862 predicte
2036 1788 2101 1840 et
2142 1798 2359 1840 eorum
2404 1775 2856 1840 successoribus
2899 1775 2966 1839 in
3009 1775 3207 1839 forma
3248 1799 3387 1863 pre-

612 1878 780 1943 dicta
837 1880 1068 1964 absque
1119 1878 1558 1943 molestacione
1616 1902 1726 1942 seu
1783 1878 2142 1965 calumpnia
2198 1879 2393 1943 nostri
2450 1878 2754 1944 heredum
2804 1878 2909 1944 vel
2966 1903 3387 1945 successorum

606 1996 958 2047 nostrorum
987 1982 1429 2048 vicecomitum
1467 1996 1848 2047 escaetorum
1879 2006 1986 2047 seu
2031 1982 2291 2047 aliorum
2341 1983 2777 2048 officiat-iorum
2814 1985 2917 2049 vel
2962 1985 3387 2051 ministrorum

608 2102 958 2151 nostrorum
989 2108 1542 2172 quorumcumque.
1619 2086 1707 2149 Et
1735 2086 1906 2170 quod
1951 2087 2107 2151 bene
2136 2087 2323 2152 liceat
2351 2086 2584 2153 eisdem
2616 2090 2836 2175 majori
2864 2091 3113 2157 ballivis
3143 2092 3386 2159 civibus

608 2206 672 2258 et
699 2193 1134 2259 communitati
1164 2193 1436 2289 civitatis
1465 2207 1670 2258 nostre
1701 2193 1979 2281 predicte
2007 2195 2239 2260 intrare
2270 2209 2334 2259 et
2377 2195 2627 2281 plenam
2674 2208 2738 2260 et
2779 2196 3104 2283 pacificam
3147 2222 3381 2284 posses-

607 2299 844 2363 sionem
874 2313 940 2364 et
968 2298 1256 2365 seisinam
1285 2322 1505 2385 capere
1534 2298 1601 2362 in
1631 2314 1694 2363 et
1721 2300 1800 2363 de
1845 2300 2126 2386 predicto
2170 2324 2371 2387 nuper
2408 2300 2685 2388 prioratu
2716 2301 2846 2366 sive
2876 2302 3063 2367 domo
3093 2303 3384 2368 maneriis

604 2406 786 2469 terris
813 2404 1185 2470 tenementis
1215 2428 1286 2469 ac
1315 2403 1534 2469 ceteris
1563 2403 1874 2492 premissis
1914 2428 2058 2469 cum
2104 2404 2395 2468 omnibus
2434 2427 2649 2467 eorum
2679 2404 3081 2492 pertinenciis
3112 2430 3182 2471 ac
3212 2405 3291 2471 de
3320 2421 3385 2471 et

606 2510 674 2575 in
705 2511 983 2597 qualibet
1009 2510 1157 2575 inde
1187 2511 1456 2598 parcella
1485 2512 1716 2597 absque
1745 2512 2121 2577 liberacione
2154 2510 2361 2596 aliqua
2388 2533 2500 2598 per
2528 2534 2640 2577 nos
2669 2511 2771 2576 vel
2800 2512 3115 2576 ministros
3142 2525 3382 2577 nostros

606 2619 754 2684 inde
783 2618 1006 2685 fienda.
1097 2617 1410 2684 Habenda
1448 2630 1513 2682 et
1553 2617 1824 2683 tenenda
1867 2616 2220 2704 predictum
2260 2616 2517 2679 domum
2570 2615 2759 2679 situm
2806 2614 2938 2681 sive
2990 2616 3380 2704 precinctum

605 2726 759 2793 dicti
787 2749 990 2814 nuper
1017 2725 1324 2814 prioratus
1354 2751 1426 2792 ac
1456 2725 1666 2790 omnia
1693 2739 1758 2790 et
1795 2725 2041 2813 singula
2081 2723 2360 2790 maneria
2402 2724 2749 2811 messuagia
2790 2737 2980 2789 terras
3024 2737 3382 2788 tenementa

603 2855 676 2896 ac
746 2843 952 2896 cetera
1020 2831 1317 2917 premissa
1388 2853 1532 2895 cum
1590 2830 1880 2895 omnibus
1926 2829 2052 2894 suis
2103 2827 2505 2916 pertinenciis
2562 2827 2797 2893 eisdem
2854 2829 2973 2915 maj
2983 2831 3074 2894 ori
3133 2830 3379 2896 ballivis

603 2935 846 3000 civibus
876 2949 942 3000 et
967 2933 1402 2999 communitati
1433 2933 1703 2999 civitatis
1730 2947 1938 2998 nostre
1968 2933 2249 3020 predicte
2278 2946 2343 2998 et
2370 2956 2585 2998 eorum
2616 2935 3067 3000 successoribus
3098 2959 3181 3001 ex
3212 2936 3377 3000 dono

603 3056 812 3106 nostro
863 3042 1094 3127 absque
1139 3040 1350 3128 aliquo
1392 3055 1682 3128 compoto
1725 3065 1835 3106 seu
1883 3041 2093 3126 aliquo
2139 3041 2263 3104 alio
2310 3064 2495 3105 onere
2550 3040 2652 3104 vel
2710 3040 2960 3106 redditu
3005 3040 3153 3106 inde
3198 3040 3378 3105 nobis

603 3149 936 3214 heredibus
967 3163 1074 3214 aut
1103 3149 1554 3217 successoribus
1583 3150 1806 3214 nostris
1834 3150 2154 3215 reddendo
2186 3149 2484 3214 solvendo
2507 3172 2618 3212 seu
2654 3147 2959 3212 faciendo,
3001 3147 3090 3211 Et
3118 3147 3378 3212 ulterius

603 3256 682 3321 de
712 3255 984 3320 uberiori
1024 3255 1231 3342 gracia
1258 3271 1467 3321 nostra
1496 3257 1714 3322 damus
1743 3271 1807 3322 et
1848 3257 2249 3324 concedimus
2296 3257 2548 3344 prefatis
2576 3255 2797 3340 majori
2844 3255 3091 3319 ballivis
3135 3254 3379 3319 civibus

603 3375 667 3426 et
701 3361 1136 3426 communitati
1173 3362 1445 3428 civitatis
1486 3377 1694 3428 nostre
1737 3363 2016 3450 predicte
2059 3375 2124 3428 et
2168 3385 2384 3427 eorum
2424 3362 2873 3427 successoribus
2918 3385 3131 3427 omnes
3169 3361 3379 3426 exitus

602 3469 932 3533 commoda
959 3467 1238 3533 redditus
1267 3469 1667 3535 revenciones
1696 3469 2117 3534 emolumenta
2145 3484 2210 3533 et
2238 3468 2517 3556 proficua
2547 3469 2623 3533 de
2653 3469 2934 3554 predicta
2962 3491 3163 3555 nuper
3192 3468 3379 3532 domo

603 3572 734 3638 sive
781 3572 1058 3660 prioratu
1095 3572 1388 3638 maneriis
1432 3573 1610 3638 terris
1653 3573 2022 3639 tenementis
2066 3598 2137 3638 ac
2190 3575 2409 3638 ceteris
2456 3586 2519 3638 et
2568 3573 2831 3661 singulis
2878 3573 3189 3660 premissis
3233 3599 3377 3640 cum

603 3703 817 3743 eorum
849 3679 1250 3766 pertinenciis
1279 3703 1315 3743 a
1342 3678 1496 3744 festo
1531 3679 1744 3744 Sancti
1789 3679 2123 3744 Michaelis
2152 3678 2543 3766 Archangeli
2572 3679 2795 3743 ultimo
2826 3681 3121 3766 preterito
3149 3680 3379 3745 hucus-

604 3809 726 3870 que
754 3785 1197 3872 proveniencia
1225 3785 1617 3872 emergencia
1645 3800 1709 3851 et
1736 3785 2097 3851 crescencia.
2199 3785 2284 3849 Et
2314 3809 2457 3850 cum
2490 3784 2779 3850 dominus
2818 3785 3123 3850 Ricardus
3152 3788 3379 3852 tercius

601 3913 802 3976 nuper
831 3915 944 3954 rex
975 3889 1212 3976 Anglie
1241 3913 1356 3975 per
1383 3889 1617 3954 litteras
1645 3913 1784 3954 suas
1806 3905 2087 3976 patentes
2130 3903 2417 3976 gerentes
2447 3889 2660 3952 datum
2693 3891 2860 3976 apud
2888 3890 3378 3957 Westmonaste·

602 3995 765 4059 rium
795 3994 1261 4080 quartodecimo
1292 3993 1394 4058 die
1423 3994 1467 4058 J
1469 3992 1604 4057 unii
1635 4016 1798 4057 anno
1827 3991 2010 4080 regni
2049 3992 2144 4056 sui
2192 3992 2464 4058 secundo
2495 4017 2609 4078 pro
2637 3993 3023 4059 incremento
3052 4009 3116 4060 et
3143 3995 3378 4060 releva-

601 4101 772 4167 mine
817 4102 1088 4168 civitatis
1132 4102 1410 4190 predicte
1455 4100 1819 4166 remississet
1846 4116 1910 4165 et-
1938 4099 2276 4165 relaxasset
2319 4123 2431 4187 pro
2470 4123 2533 4164 se
2562 4099 2897 4164 heredibus
2926 4114 2990 4164 et
3018 4099 3379 4165 successori-
3426 4146 3431 4153 -

602 4209 718 4274 bus
747 4209 872 4273 suis
915 4233 1029 4296 pro
1079 4209 1343 4273 termino
1389 4207 1718 4294 sexaginta
1765 4230 2069 4272 annorum
2104 4220 2259 4271 tunc
2310 4205 2602 4292 proximo
2654 4207 3058 4292 sequencium
3104 4207 3181 4272 ad
3226 4221 3377 4271 tunc

602 4317 824 4401 majori
853 4316 1100 4382 ballivis
1130 4316 1373 4380 civibus
1402 4329 1466 4381 et
1495 4314 1929 4381 communitati
1967 4313 2239 4378 civitatis
2278 4313 2558 4401 predicte
2589 4327 2653 4379 et
2680 4337 2895 4379 eorum
2930 4313 3379 4378 successoribus

604 4421 1014 4510 quadraginta
1040 4445 1268 4486 novem
1296 4421 1484 4487 libras
1513 4445 1626 4486 sex
1657 4421 1884 4486 solidos
1917 4434 1982 4485 et
2025 4434 2167 4484 octo
2202 4419 2487 4484 denarios
2518 4443 2755 4484 annuos
2784 4418 3116 4508 parcellam
3147 4419 3379 4482 ducen-

688 4547 872 4590 nusn
919 4547 1111 4590 Anca.
1158 4547 1286 4591 soc.
1343 4548 1434 4590 ιο.
1949 4547 1974 4586 1
3179 4539 3382 4587 tarum
