4295 5410
1882 657 1966 708 21

1832 922 2010 996 XIL

1185 1107 1300 1184 Be
1335 1118 1672 1182 ttaemmtn
1708 1107 1776 1182 ίιι
1811 1110 2102 1202 pamma
2134 1110 2341 1184 sancti
2376 1109 2660 1202 effectas.

718 1295 979 1363 Mnibus
1024 1309 1232 1363 sancte
1277 1295 1490 1362 matris
1527 1296 1786 1364 ecclesie
1812 1297 1959 1364 filiis
2005 1298 2085 1364 ad
2131 1323 2397 1386 quorum
2442 1299 2739 1366 noticiam
2766 1297 2943 1366 litere
2992 1313 3301 1388 presentes

746 1399 1145 1489 pervenerint
1173 1399 1480 1465 Robertus
1518 1399 1720 1466 dictus
1767 1400 1846 1466 de
1891 1399 2096 1466 Decer
2141 1401 2297 1494 civis
2342 1401 2586 1467 Dublin
2633 1403 2893 1469 salutem
2931 1405 2999 1468 in
3029 1403 3301 1471 Domino

541 1507 997 1596 sempiternam.
1085 1505 1352 1572 Noverit
1382 1504 1750 1572 universitas
1795 1520 1998 1572 vestra
2041 1531 2142 1574 me
2189 1509 2555 1575 concessisse
2585 1507 2824 1574 dedisse
2852 1509 3136 1595 quietum
3180 1508 3303 1574 cla-

539 1637 737 1680 masse
766 1627 830 1680 et
857 1614 1247 1701 presencium
1278 1627 1488 1680 tenore
1517 1615 1906 1681 confirmasse
1936 1616 2075 1682 Deo
2105 1629 2171 1683 et
2196 1617 2377 1683 beate
2406 1615 2607 1682 Marie
2636 1629 2701 1682 et
2722 1615 3033 1682 Omnibus
3064 1615 3306 1682 Sanctis

538 1737 604 1787 et
632 1721 837 1787 Priori
883 1733 948 1787 et
989 1723 1328 1788 conventui
1373 1720 1630 1786 ecclesie
1661 1719 1965 1786 Omnium
1998 1720 2367 1787 Sanctorum
2400 1721 2593 1807 juxta
2620 1719 2865 1785 Dublin
2900 1719 3138 1786 ibidem
3167 1719 3305 1786 Deo

539 1827 951 1894 servientibus
984 1865 997 1878 ·
1028 1827 1096 1892 in
1123 1851 1344 1915 puram
1373 1838 1437 1892 et
1464 1838 1828 1915 perpetuam
1858 1826 2257 1892 elemosinam
2286 1850 2483 1891 unum
2512 1826 2898 1915 mesuagium
2944 1850 3088 1892 cum
3117 1825 3307 1914 perti-

539 1935 778 2002 nenciis
805 1935 874 1999 in
902 1933 1197 2000 suburbio
1228 1931 1471 1997 Dublin
1499 1931 1567 1995 in
1596 1928 1888 2019 parochia
1932 1929 2126 1996 sancti
2158 1928 2418 2018 Georgii
2451 1967 2464 1980 ·
2496 1928 2665 1994 unde
2710 1929 3169 2018 cyrographum
3215 1941 3308 1995 oet

539 2038 772 2104 factum
799 2038 868 2102 in
896 2037 1070 2103 curia
1097 2035 1334 2100 domini
1365 2033 1557 2123 Regis
1590 2072 1602 2084 ·
1634 2033 1989 2100 habendum
2019 2047 2085 2099 et
2109 2033 2449 2098 tenendum
2479 2033 2715 2099 dictum
2744 2034 3129 2122 mesuagium
3160 2059 3305 2100 cum

541 2143 942 2234 pertinenciis
985 2142 1220 2210 eisdem
1249 2139 1454 2206 Priori
1484 2153 1548 2206 et
1591 2138 1928 2206 conventui
1956 2150 2021 2204 et
2065 2163 2279 2204 eorum
2323 2139 2771 2205 successoribus
2800 2140 2879 2206 de
2906 2164 3007 2206 me
3036 2153 3101 2206 et
3127 2141 3303 2207 here-

539 2247 723 2315 dibus
753 2248 906 2313 meis
951 2271 1062 2313 seu
1090 2246 1410 2334 assignatis
1439 2245 1632 2312 libere
1662 2244 1872 2332 quiete
1899 2247 2058 2312 bene
2097 2258 2165 2336 et
2188 2245 2256 2311 in
2286 2270 2437 2334 pace
2464 2259 2651 2335 prout
2693 2246 2917 2312 melius
2961 2261 3025 2314 et
3051 2249 3307 2315 liberius

539 2353 748 2440 aliqua
791 2352 1126 2420 elemosina
1164 2353 1427 2418 conferri
1454 2353 1702 2441 poterit.
1789 2353 1932 2442 Ego
1977 2377 2124 2419 vero
2155 2353 2465 2419 Robertus
2505 2367 2569 2419 et
2612 2353 2868 2420 heredes
2912 2353 3039 2419 mei
3068 2353 3307 2419 dictum

539 2459 928 2548 mesuagium
973 2483 1119 2526 cum
1148 2459 1548 2546 pertinenciis
1577 2459 1758 2526 dictis
1788 2458 1990 2524 Priori
2020 2471 2084 2525 et
2111 2459 2449 2526 conventui
2488 2471 2553 2526 et
2598 2483 2814 2525 eorum
2858 2459 3305 2526 successoribus

541 2580 756 2632 contra
799 2589 1012 2631 omnes
1040 2565 1322 2631 homines
1368 2577 1432 2631 et
1459 2565 1718 2631 feminas
1755 2565 2321 2630 warrentizabimus
2366 2565 2853 2651 acquietabimus
2898 2581 2963 2631 et
2989 2565 3057 2629 in
3085 2589 3301 2652 perpe-

539 2683 718 2737 tuum
742 2671 1160 2738 defendemus.
1246 2672 1326 2738 In
1347 2672 1525 2761 cujus
1553 2672 1644 2740 rei
1672 2672 2096 2739 testimonium
2116 2685 2431 2761 presentes
2451 2671 2658 2739 literas
2687 2670 2877 2761 sigilli
2899 2669 3023 2737 mei
3044 2671 3299 2759 impres-

538 2784 710 2849 sione
738 2783 1043 2850 roboravi.
1130 2782 1279 2847 Hiis
1307 2781 1566 2849 testibus
1597 2819 1612 2833 ·
1642 2780 1968 2847 Willelmo
1995 2780 2074 2845 de
2104 2779 2381 2869 Brystoll
2420 2792 2571 2846 tunc
2616 2780 2849 2865 majore
2882 2818 2895 2831 ·
2926 2780 2970 2845 J
2972 2780 3212 2845 ohanne
3239 2780 3300 2845 le

539 2887 744 2953 Decer
775 2925 789 2939 ·
823 2889 952 2973 [et]
981 2887 1026 2952 J
1026 2885 1272 2951 ohanne
1292 2884 1352 2950 le
1378 2884 1670 2971 Setjaunt
1695 2898 1847 2951 tunc
1875 2884 2201 2973 prepositis
2224 2883 2467 2952 Dublin
2498 2923 2514 2937 ·
2543 2885 2822 2951 Henrico
2850 2886 2910 2951 le
2933 2884 3260 2953 Mareseall
3282 2925 3296 2938 ·

539 2992 786 3060 Thoma
815 2992 894 3057 de
922 2990 1230 3059 Coventr:
1263 3026 1276 3041 ·
1307 2988 1584 3057 Roberto
1613 2988 1673 3054 T
1677 2990 1860 3055 urbot
1892 3025 1904 3038 ·
1937 2987 2151 3055 David
2179 2988 2257 3055 de
2282 2988 2501 3055 Oallan
2528 3002 2594 3056 et
2620 2990 2832 3057 multis
2860 2989 3014 3057 aliis.

1803 3310 2022 3384 XIII.

1405 3498 1494 3573 In
1527 3497 1813 3591 astartis
1847 3494 2093 3583 §susti
2126 3496 2415 3587 OEtotgss.

724 3680 790 3747 N
789 3680 1002 3749 iversis
1040 3696 1249 3751 sancte
1277 3686 1490 3751 matris
1534 3685 1791 3753 ecclesie
1819 3685 1964 3751 filiis
2009 3685 2090 3751 ad
2129 3708 2396 3771 quorum
2440 3684 2735 3751 noticiam
2761 3685 2939 3752 litere
2982 3701 3293 3774 presentes

752 3795 1166 3882 pervenerint.
1253 3794 1594 3861 Gustancia
1618 3795 1750 3860 filia
1777 3794 2020 3859 Mathei
2047 3792 2166 3857 filii
2209 3791 2540 3880 Helingeri
2579 3791 2841 3857 salutem
2888 3791 2957 3857 in
2994 3792 3289 3860 Domino·

526 3896 796 3964 Noverit
823 3898 1211 3965 Universitas
1253 3912 1458 3964 vestra
1483 3922 1584 3964 me
1612 3898 1682 3962 in
1709 3896 1990 3985 legitima
2016 3896 2323 3963 viduitate
2366 3919 2505 3961 mea
2533 3895 2773 3961 dedisse
2818 3898 3181 3965 concessisse
3227 3914 3291 3965 et

527 4004 918 4090 presentibus
953 4004 1150 4072 literis
1194 4004 1584 4071 confirmasse
1613 4003 1816 4069 Priori
1859 4016 1924 4069 et
1967 4001 2307 4069 conventui
2344 4002 2563 4068 domus
2592 4000 2896 4068 Omnium
2919 4003 3287 4069 Sanctorum

522 4106 716 4194 juxta
752 4108 996 4177 Dublin
1051 4124 1118 4177 et
1165 4110 1292 4175 suis
1349 4108 1796 4176 successoribus
1846 4109 2160 4195 quandam
2208 4120 2433 4174 terram
2474 4108 2544 4173 in
2599 4107 2895 4175 suburbio
2934 4108 3177 4174 Dublin
3218 4110 3287 4175 in

527 4214 823 4300 parochia
853 4214 1066 4283 Sancti
1095 4215 1354 4303 Georgii
1386 4253 1399 4266 ·
1430 4214 1604 4281 illam
1641 4214 1880 4281 scilicet
1913 4236 2034 4300 que
2061 4213 2233 4299 jacet
2267 4211 2431 4281 inter
2468 4226 2695 4279 terram
2723 4236 2845 4299 que
2872 4212 2995 4279 fuit
3020 4213 3285 4281 Walteri

527 4319 572 4384 J
573 4320 793 4387 uvenis
821 4324 1190 4411 carpentarii
1218 4347 1302 4390 ex
1331 4346 1458 4389 una
1485 4335 1660 4410 parte
1688 4336 1754 4389 et
1778 4335 2006 4387 terram
2033 4320 2400 4386 monialium
2426 4333 2636 4388 sancte
2665 4320 2866 4386 Maris
2885 4321 3077 4407 juxta
3102 4322 3281 4410 Hog-

529 4450 638 4513 gas
682 4452 768 4495 ex
813 4429 1004 4497 altera
1029 4444 1204 4519 parte
1235 4469 1249 4482 ·
1281 4446 1346 4499 et
1389 4430 1668 4497 continet
1695 4430 1762 4495 in
1789 4428 2118 4497 latitudine
2166 4443 2384 4515 quater
2427 4426 2655 4515 viginti
2691 4426 2879 4515 pedes
2912 4464 2924 4477 ·
2955 4426 3280 4515 longitudo

3083 4554 3277 4597 eciam
