4295 5410
601 791 790 858 versis
820 790 1054 857 Christi
1081 789 1370 856 fidelibus
1400 790 1478 856 ad
1507 783 1660 877 quos
1690 813 1936 878 presens
1979 791 2279 881 scriptum
2308 791 2659 879 pervenerit
2688 831 2702 845 ·
2735 793 2937 859 Lucas
2952 792 3367 863 ¹miseracione

601 897 818 963 divina
845 898 1090 965 Dublin
1119 896 1616 985 archiepiscopus
1643 899 1906 964 salutem
1935 911 2213 964 eternam
2242 899 2308 963 in
2339 898 2633 966 Domino.
2720 901 2983 968 Noverit
3002 901 3369 968 universitas

595 1017 800 1069 vestra
841 1027 954 1069 nos
981 1003 1196 1068 divine
1226 1002 1474 1090 pietatis
1503 1002 1736 1068 intuitu
1774 1019 1840 1068 et
1877 1027 2044 1070 sacre
2083 1004 2404 1092 religionis
2448 1019 2710 1092 optentu
2739 1007 2817 1073 de
2848 1031 3149 1073 consensu
3194 1010 3362 1095 capi-

597 1111 872 1176 tulorum
908 1125 1257 1176 nostrorum
1305 1122 1512 1176 sancte
1545 1109 1872 1175 Trinitatis
1917 1125 1982 1175 et
2009 1110 2208 1176 sancti
2238 1109 2495 1177 Patricii
2527 1110 2771 1177 Dublin
2800 1149 2815 1162 ·
2849 1111 2928 1177 ad
2955 1112 3362 1199 presentacio-

600 1240 746 1283 nem
783 1217 1010 1283 nobilis
1056 1215 1176 1280 viri
1216 1216 1455 1281 domini
1495 1215 1788 1282 Mauricii
1827 1216 1944 1281 filii
1975 1217 2236 1282 Geroldi
2263 1217 2559 1283 canonice
2616 1217 2945 1283 contulisse
2990 1233 3055 1282 et
3098 1215 3369 1304 presenti

595 1321 825 1409 scripto
854 1321 1242 1386 confirmasse
1272 1321 1527 1387 ecclesie
1552 1321 1855 1386 Omnium
1882 1320 2252 1386 Sanctorum
2275 1319 2518 1386 Dublin
2547 1334 2611 1386 et
2632 1319 2943 1386 canonicis
2970 1320 3203 1386 ibidem
3229 1319 3367 1386 Deo

598 1426 1010 1494 servientibus
1063 1425 1386 1492 ecclesiam
1437 1426 1516 1492 de
1558 1425 1847 1492 Techtho
1910 1450 2056 1491 cum
2114 1424 2405 1491 omnibus
2465 1425 2591 1490 suis
2645 1424 3043 1513 pertinenciis
3084 1464 3097 1477 ·
3138 1424 3370 1490 eisdem

599 1533 911 1600 canonicis
940 1547 1005 1598 et
1032 1557 1248 1598 eorum
1283 1533 1732 1600 successoribus
1761 1533 1830 1598 in
1858 1534 2140 1622 proprios
2178 1558 2326 1599 usus
2364 1534 2431 1598 in
2460 1547 2831 1620 perpetuum
2866 1533 3363 1599 convertendam.

604 1638 790 1705 Salvo
841 1638 1020 1704 nobis
1065 1651 1130 1703 et
1173 1637 1622 1702 successoribus
1668 1636 1890 1701 nostris
1930 1636 1998 1701 in
2045 1635 2333 1703 omnibus
2366 1635 2510 1721 jure
2541 1634 2881 1723 pontificali
2909 1649 2975 1700 et
3010 1633 3365 1722 parochiali.

596 1745 686 1810 Et
713 1759 786 1808 ut
811 1744 930 1808 hec
978 1755 1186 1808 nostra
1223 1742 1480 1808 collacio
1511 1755 1574 1809 et
1601 1741 1997 1808 confirmacio
2026 1757 2326 1829 perpetue
2354 1741 2663 1806 firmitatis
2702 1742 2893 1808 robur
2920 1739 3199 1828 optineat
3224 1763 3363 1828 pre-

599 1875 736 1916 sens
764 1849 1064 1936 scriptum
1091 1849 1298 1936 sigillo
1327 1862 1535 1913 nostro
1557 1872 1683 1913 una
1710 1871 1854 1912 cum
1883 1846 2102 1934 sigillis
2132 1846 2553 1935 predictorum
2582 1846 2997 1933 capitulorum
3016 1860 3367 1910 nostrorum

597 1955 1049 2040 corrobo[ra]ri
1077 1954 1353 2022 fecimus,
1441 1954 1588 2020 Hiis
1628 1955 1886 2020 testibus
1927 1993 1940 2006 ·
1979 1953 2169 2020 fratre
2198 1955 2473 2019 Roberto
2504 1953 2583 2018 de
2616 1952 2907 2019 Stanford
2956 1967 3106 2018 tunc
3152 1952 3367 2016 Priore

597 2074 806 2124 sancte
854 2057 1182 2122 Trinitatis
1229 2056 1474 2122 Dublin
1517 2095 1530 2108 ·
1572 2056 1828 2122 domino
1879 2056 2151 2122 Ricardo
2198 2056 2277 2122 de
2324 2056 2632 2122 Gardiner
2688 2069 2839 2124 tunc
2884 2057 3119 2122 decano
3170 2057 3365 2122 sancti

600 2165 856 2232 Patricii
887 2163 1130 2230 Dublin
1163 2202 1176 2215 ·
1207 2163 1517 2252 magistris
1549 2163 1823 2252 Hugone
1868 2177 1935 2229 et
1971 2163 2296 2230 Willelmo
2334 2177 2486 2228 tunc
2514 2162 2993 2229 Archidiaconis
3021 2163 3265 2231 Dublin
3302 2178 3367 2229 et

599 2270 1061 2359 Glyndelacen:
1096 2307 1108 2320 ·
1141 2268 1326 2334 fratre
1357 2267 1670 2333 Herberto
1698 2281 1850 2332 111110
1878 2281 2241 2356 preceptore
2273 2268 2352 2334 de
2383 2267 2676 2333 Clontarf
2698 2306 2709 2318 ·
2742 2269 3049 2356 magistris
3076 2269 3119 2334 J
3121 2269 3363 2334 ohanne

599 2378 677 2444 de
709 2377 1024 2466 Chipham
1067 2391 1131 2442 et
1173 2374 1442 2440 Ricardo
1481 2374 1560 2440 de
1595 2374 1966 2462 Haverberg
1992 2373 2180 2439 fisicis
2212 2412 2226 2425 ·
2257 2373 2583 2439 Willelmo
2614 2373 2901 2440 Cornub:
2948 2388 3014 2440 et
3057 2375 3365 2441 Mauricio

597 2482 838 2549 clericis
868 2496 932 2548 et
959 2480 1115 2546 aliis.

720 2589 1120 2678 Inspeximus
1147 2588 1402 2676 insuper
1415 2588 1624 2654 literas
1651 2589 1694 2654 J
1695 2587 1955 2654 ohannis
1983 2588 2260 2678 episcopi
2280 2587 2603 2655 Clonensis
2632 2588 2699 2654 in
2726 2589 2845 2654 hec
2872 2586 3078 2654 verba.
3124 2587 3167 2652 J
3169 2587 3359 2653 ohan-

596 2722 706 2765 nes
736 2697 1136 2787 permissione
1165 2697 1382 2763 divina
1423 2713 1490 2763 et
1525 2697 1862 2785 apostolice
1891 2697 2052 2763 sedis
2079 2697 2289 2787 gracia
2318 2696 2643 2763 Clonensis
2685 2695 3011 2785 episcopus
3058 2694 3362 2783 religiosis

598 2804 750 2869 viris
778 2805 983 2869 Priori
1028 2819 1094 2869 et
1140 2803 1453 2869 canonicis
1498 2803 1755 2870 ecclesie
1800 2803 2104 2869 Omnium
2159 2803 2528 2870 Sanctorum
2567 2804 2759 2889 juxta
2804 2801 3047 2867 Dublin
3102 2802 3361 2867 salutem

595 2910 868 3000 graciam
897 2926 962 2977 et
986 2910 1504 2976 benedictionem.
1595 2911 1821 2977 Sancte
1865 2910 2183 2999 religionis
2212 2910 2547 2998 puritatem
2582 2934 2703 2996 que
2730 2909 2799 2973 in
2846 2922 3047 2974 vestro
3075 2909 3362 2974 Prioratu

591 3018 804 3085 sedule
837 3018 1046 3105 vigere
1076 3017 1416 3083 dinoscitur
1443 3018 1638 3107 digno
1666 3036 2106 3106 propensantes
2135 3020 2364 3085 affectu
2396 3058 2409 3071 ·
2441 3041 2685 3085 necnon
2712 3030 2777 3083 et
2803 3017 3043 3083 cultum
3072 3015 3365 3081 divinum·

596 3125 797 3191 modis
827 3126 1052 3211 quibus
1080 3124 1420 3211 poterimus
1447 3124 1656 3213 gracia
1685 3125 1947 3214 desuper
1985 3126 2165 3191 nobis
2194 3126 2440 3191 favente
2477 3145 2837 3192 conservare
2874 3134 2939 3187 et
2964 3134 3365 3209 augmentare

594 3248 804 3297 mente
823 3231 1050 3296 devota
1074 3229 1394 3317 cupientes
1415 3269 1428 3281 ·
1449 3230 1770 3297 ecclesiam
1787 3232 1868 3297 de
1890 3231 2056 3297 Rath
2087 3232 2155 3295 in
2178 3230 2537 3319 Omachilly
2563 3244 2769 3295 nostre
2785 3228 3096 3295 dioceseos
3127 3264 3141 3278 ·
3174 3252 3361 3314 quam

593 3337 662 3402 in
706 3338 986 3424 proprios
1021 3360 1167 3400 usus
1205 3360 1289 3401 ex
1318 3336 1660 3403 donacione
1701 3350 1766 3403 et
1805 3337 2197 3403 concessione
2240 3338 2469 3403 nobilis
2506 3335 2627 3401 viri
2655 3332 2893 3399 domini
2924 3332 3215 3399 Mauricii
3243 3332 3359 3397 filii

597 3440 891 3507 Mauricii
919 3439 1034 3504 filii
1065 3438 1318 3505 Geraldi
1348 3464 1548 3527 nuper
1593 3440 1759 3506 dicte
1804 3441 2060 3507 ecclesie
2106 3441 2351 3529 patroni
2395 3440 2758 3507 auctoritate
2801 3441 2964 3505 bone
2997 3440 3355 3527 [memorie]

598 3545 837 3612 domini
859 3544 1150 3612 Nicholai
1173 3545 1496 3611 Clonensis
1519 3544 1793 3633 episcopi
1813 3546 2257 3633 Ρ1οᾶ000880118
2285 3547 2479 3611 nostri
2500 3548 2568 3611 in
2590 3571 2665 3613 ea
2684 3560 2855 3634 parte
2875 3547 3356 3615 interveniente·

597 3651 1226 3737 concurrentibusque
1273 3650 1561 3717 omnibus
1591 3676 1712 3737 que
1741 3651 1984 3737 dejure
2023 3652 2549 3737 requirebantur
2532 3677 2601 3717 111
2628 3652 2747 3718 hac
2780 3666 2953 3740 parte
3000 3678 3037 3719 a
3082 3668 3357 3744 tempore

600 3778 637 3819 a
658 3778 780 3840 quo
803 3778 930 3817 non
953 3768 1131 3819 extat
1147 3753 1445 3819 memoria
1472 3753 1864 3841 possedistis·
1889 3755 2066 3820 vobis
2094 3770 2161 3821 et
2181 3756 2627 3824 successoribus
2656 3757 2873 3823 vestris
2899 3758 2967 3824 in
2989 3776 3359 3849 perpetuum

595 3860 993 3926 concedimus
1021 3884 1165 3927 cum
1195 3861 1482 3928 omnibus
1517 3860 1642 3927 suis
1661 3861 1912 3947 juribus
1952 3880 2016 3928 et
2043 3864 2442 3951 pertinenciis
2481 3864 2831 3931 universis·
2862 3865 3024 3933 sicut
3049 3882 3114 3935 01
3142 3885 3355 3956 quate-

594 3990 712 4031 nus
730 3966 960 4031 dictam
988 3966 1310 4032 ecclesiam
1327 3966 1626 4033 hactenus
1650 3970 2000 4056 possedistis
2029 3972 2286 4058 pacifice
2315 3986 2381 4038 et
2408 3972 2656 4059 (1111οῒ0·
2687 3974 3007 4065 ipsamque
3034 3978 3355 4045 ecclesiam

595 4070 674 4135 de
705 4070 872 4135 Rath
902 4071 1214 4137 Prioratui
1251 4087 1454 4139 vestro
1502 4075 1782 4162 predicto
1828 4101 1940 4164 pro
1978 4092 2279 4166 perpetuo
2318 4080 2659 4169 pontificali
2696 4085 3059 4153 auctoritate
3102 4086 3354 4151 unimus

595 4174 980 4241 annectimus
1024 4191 1088 4243 et
1132 4177 1584 4245 consolidamus
1612 4178 1845 4251 factum
1883 4182 2325 4269 predecessoris
2370 4186 2565 4251 nostri
2596 4188 2953 4255 antedicti
2933 4215 3003 4257 111
3048 4192 3357 4279 premissis

593 4280 1042 4347 confirmantes.
1133 4283 1319 4349 Salva
1365 4286 1546 4353 nobis
1591 4302 1656 4353 et
1697 4290 2146 4357 successoribus
2203 4292 2425 4358 nostris
2472 4294 2808 4363 collacione
2852 4312 2917 4363 et
2958 4300 3353 4366 ordinacione

592 4385 823 4451 vicarie
861 4387 1115 4455 ecclesie
1153 4391 1462 4459 antedicte
1492 4394 2052 4481 quocienscumque
2099 4398 2361 4465 eandem
2390 4424 2609 4469 vacare
2636 4403 2984 4491 contigerit.
3072 4406 3149 4471 In
3179 4408 3355 4492 cujus

675 4512 860 4557 1111811
890 4513 1372 4564 111101100010.
1943 4502 2006 4566 D
3262 4512 3351 4578 rei
