4295 5410
2251 649 2350 712 44

1043 814 1132 878 Et
1159 825 1441 900 preterea
1469 807 1624 875 dicti
1653 807 1836 873 Prior
1881 818 1946 872 et
1990 817 2337 874 conventus
2380 813 2818 871 concesserunt
2860 825 2975 890 pro
3026 825 3091 868 se
3136 813 3202 868 et
3246 799 3699 868 successoribus

913 922 1044 988 suis
1068 920 1303 1010 prefato
1334 919 1583 1006 Rogero
1612 915 1947 981 heredibus
1992 927 2057 980 et
2105 911 2428 1000 assignatis
2474 911 2601 976 suis
2644 934 2759 998 pro
2789 910 3057 996 quadam
3104 933 3346 975 summa
3390 906 3631 995 argenti
3660 929 3700 970 a

915 1029 1083 1095 dicto
1114 1027 1362 1114 Rogero
1407 1047 1518 1111 pre
1565 1020 1852 1088 manibus
1897 1032 2149 1108 recepta
2194 1018 2404 1084 omnia
2450 1016 2758 1106 arrei-agia
2786 1015 2942 1082 dicti
2970 1015 3251 1081 redditus
3281 1037 3403 1100 que
3450 1036 3489 1078 a
3532 1027 3696 1076 retro

912 1129 1146 1197 fuerint
1175 1129 1278 1194 die
1307 1126 1712 1195 confectionis
1740 1126 2045 1214 presentis
2073 1125 2307 1213 scripti.

1043 1236 1218 1302 Dicti
1248 1247 1457 1301 autem
1487 1232 1670 1299 Prior
1697 1246 1762 1298 et
1788 1246 2134 1299 conventus
2177 1245 2243 1298 et
2284 1253 2657 1298 successores
2700 1229 2797 1296 sui
2825 1228 3177 1317 predictum
3206 1226 3523 1292 redditum
3552 1248 3696 1292 cum

921 1341 1242 1429 arreragiis
1272 1337 1550 1424 ejusdem
1579 1336 1860 1401 redditus
1889 1335 2059 1401 dicto
2088 1335 2340 1423 Rogero
2368 1333 2702 1401 heredibus
2749 1345 2815 1400 et
2851 1333 3176 1422 assignatis
3213 1333 3340 1398 suis
3376 1356 3573 1419 usque
3620 1332 3701 1398 ad

915 1449 1106 1514 finem
1135 1445 1400 1534 predicti
1452 1443 1702 1510 termini
1743 1457 1808 1509 et
1857 1443 2123 1531 amplius
2162 1466 2275 1530 pro
2314 1442 2597 1529 predicto
2642 1440 2894 1507 redditu
2938 1439 3089 1528 ipsis
3135 1451 3201 1505 et
3249 1439 3699 1505 successoribus

918 1552 1240 1618 annuatim
1267 1551 1417 1616 inde
1464 1549 1762 1617 solvendo
1806 1565 1882 1615 ut
1907 1549 2261 1638 predictum
2307 1561 2403 1614 est
2429 1562 2645 1614 contra
2688 1571 2903 1613 omnes
2931 1561 3150 1635 gentes
3179 1559 3483 1631 quantum
3510 1545 3579 1610 in
3608 1546 3699 1611 eis

916 1673 1010 1724 est
1036 1657 1528 1724 warentizabunt
1555 1657 2002 1742 acquietabunt
2021 1671 2086 1722 et
2106 1656 2462 1722 defendent.
2538 1656 2616 1721 In
2645 1655 2824 1742 cujus
2852 1653 2943 1720 rei
2964 1651 3393 1719 testimonium
3421 1651 3695 1740 sigillum

915 1786 1247 1830 commune
1277 1762 1586 1830 dictorum
1608 1760 1842 1828 Prioris
1871 1775 1936 1828 et
1963 1775 2307 1828 conventus
2336 1773 2401 1826 et
2428 1759 2705 1847 sigillum
2733 1758 3000 1846 predicti
3024 1757 3259 1847 Rogeri
3287 1757 3438 1825 huic
3466 1757 3697 1845 scripto

920 1868 1220 1956 bipartito
1271 1865 1622 1932 alternatim
1681 1878 2097 1953 apponuntur.
2203 1864 2350 1930 Hiis
2400 1864 2661 1931 testibus
2692 1901 2707 1916 ·
2740 1863 3027 1930 Galfrido
3072 1863 3153 1929 de
3200 1862 3501 1928 Mortoun
3546 1875 3698 1928 tunc

917 1974 1040 2060 maj
1049 1997 1154 2038 ore
1185 1970 1429 2038 Dublin
1463 2008 1476 2022 ·
1507 1969 1552 2035 J
1553 1970 1799 2036 ohanne
1819 1968 2159 2056 Cadewely
2184 1983 2251 2034 et
2277 1967 2593 2034 Edwardo
2623 1967 2807 2034 Colet
2834 1981 2985 2034 tunc
3014 1966 3341 2057 prepositis
3374 2004 3387 2018 ·
3420 1966 3699 2033 Henrico

920 2077 1241 2144 Marechal
1283 2115 1297 2128 ·
1339 2076 1618 2142 Roberto
1669 2076 1748 2142 de
1778 2075 2042 2164 Wileby
2082 2114 2096 2128 ·
2137 2075 2388 2164 Rogero
2436 2075 2514 2141 de
2560 2075 3009 2142 Asshebourne
3051 2113 3065 2127 ·
3106 2075 3151 2141 J
3152 2075 3399 2140 ohanne
3445 2074 3649 2140 Decer
3684 2112 3695 2123 ·

918 2185 960 2249 J
965 2183 1210 2248 ohanne
1245 2182 1538 2268 Sei-jaunt
1569 2221 1583 2234 ·
1617 2182 1867 2248 Thoma
1903 2182 1983 2247 de
2014 2181 2399 2248 Conventria
2430 2219 2445 2234 ·
2469 2181 2796 2248 Willelmo
2830 2181 3133 2270 Sampson
3164 2181 3243 2246 de
3273 2179 3497 2245 Callan
3522 2217 3537 2232 ·
3569 2179 3697 2244 Ro-

918 2292 1097 2356 berto
1118 2288 1198 2354 de
1221 2287 1524 2376 Ruytoun
1552 2301 1617 2353 et
1639 2286 1792 2352 aliis.
1882 2287 2119 2353 Datum
2150 2287 2217 2353 in
2247 2285 2523 2376 capitulo
2546 2285 2826 2375 predicto
2846 2287 2915 2352 in
2944 2287 3213 2354 crastino
3235 2285 3448 2352 Sancti
3472 2285 3695 2352 Marcii

921 2392 1327 2481 Evangeliste
1357 2415 1520 2457 anno
1547 2391 1921 2478 supradicto.

2213 2675 2416 2748 XLI.

1302 2860 1417 2936 Bt
1449 2860 1682 2934 remim
1717 2861 1786 2934 ίιι
1816 2860 1944 2935 hicn
1979 2878 2250 2935 totamm
2286 2862 2353 2935 ίιι
2389 2862 2677 2953 pamma
2712 2860 2959 2947 §aaut
2992 2862 3306 2939 autumi.

1091 3050 1311 3116 Lacita
1355 3073 1562 3116 eoram
1593 3048 1920 3114 Willelmo
1949 3049 2171 3117 Douce
2206 3052 2441 3137 majore
2474 3050 2795 3139 Stephano
2834 3051 2915 3117 de
2944 3050 3128 3116 Mora
3160 3064 3226 3116 et
3253 3050 3579 3117 Willelmo
3618 3049 3696 3115 de

1120 3155 1470 3222 Mareschal
1496 3154 1747 3221 ballivis
1789 3154 2062 3221 civitatis
2090 3156 2336 3223 Dublin
2366 3156 2470 3222 die
2498 3155 2681 3222 Lune
2726 3156 3017 3245 proximo
3056 3167 3197 3243 post
3222 3154 3449 3221 festum
3484 3156 3696 3223 Sancti

926 3261 1188 3329 Martini
1234 3285 1399 3327 anno
1457 3260 1635 3348 regni
1680 3260 1846 3348 regis
1901 3260 2203 3326 Edwardi
2240 3260 2357 3326 filii
2402 3260 2567 3349 regis
2606 3261 2907 3327 Edwardi
2952 3260 3397 3326 sextodecimo,
3484 3262 3699 3327 Assisa

923 3368 1100 3431 venit
1129 3364 1580 3454 recognicionis
1609 3364 1662 3428 si
1689 3363 1979 3429 Andreas
2004 3364 2163 3429 Row
2190 3379 2257 3431 et
2275 3366 2320 3431 J
2322 3364 2569 3431 ohanna
2596 3390 2762 3431 uxor
2790 3366 2925 3452 ejus
2952 3365 3183 3451 injuste
3212 3379 3277 3431 et
3304 3366 3437 3433 sine
3456 3367 3702 3452 judicio

923 3473 1105 3539 frisce
1127 3496 1240 3560 per
1259 3495 1434 3537 suam
1451 3472 1696 3537 friscam
1713 3470 1970 3537 forciam
1987 3471 2527 3559 dissei[siv]erunt
2539 3471 3188 3539 fratremWillelmum
3201 3472 3483 3539 Priorem
3506 3472 3705 3539 eccle-

927 3577 1016 3643 sie
1048 3575 1352 3642 Omnium
1385 3574 1754 3642 Sanctorum
1791 3574 1984 3660 juxta
2012 3573 2257 3640 Dublin
2286 3576 2365 3642 de
2393 3576 2591 3643 libero
2628 3591 2985 3643 tenemento
3032 3601 3144 3642 suo
3172 3575 3241 3641 in
3271 3576 3515 3644 Dublin
3542 3576 3709 3643 infra

927 3700 1161 3748 annum
1190 3690 1296 3747 Sto.
1332 3719 1345 3732 ·
1377 3680 1673 3746 videlicet
1704 3679 1784 3745 de
1813 3680 2057 3745 duobus
2085 3681 2363 3748 solidatis
2391 3683 2671 3748 redditus
2700 3706 2845 3749 cum
2874 3682 3276 3771 pertinenciis
3304 3684 3595 3749 exeuntis
3622 3684 3702 3749 de

932 3791 1204 3879 quodam
1231 3802 1588 3855 tenemento
1616 3787 1813 3877 ipsius
1833 3786 2093 3854 Andree
2112 3788 2182 3854 in
2214 3790 2356 3856 vico
2384 3813 2725 3877 coquorum
2754 3790 2823 3855 in
2852 3790 3146 3879 parochia
3171 3790 3385 3856 Sancti
3404 3790 3703 3856 Audoeni

930 3902 998 3965 in
1027 3899 1244 3965 eadem
1272 3894 1442 3960 villa.

1059 4005 1148 4070 Et
1167 4002 1336 4067 unde
1365 3998 1680 4088 predictus
1702 3998 1885 4064 Prior
1912 3998 2196 4084 queritur
2223 3997 2394 4083 quod
2422 4022 2569 4065 cum
2598 3999 2913 4066 districtus
2939 3998 3011 4063 in
3038 4010 3394 4066 tenemento
3422 3999 3705 4087 predicto

934 4135 1046 4199 pro
1087 4106 1338 4175 redditu
1377 4128 1488 4171 suo
1518 4102 1800 4192 predicto
1829 4102 1998 4168 idem
2027 4102 2317 4167 Andreas
2346 4102 2425 4168 de
2455 4101 2735 4190 predicta
2762 4102 3159 4170 destrictione
3187 4103 3392 4191 ipsum
3422 4105 3705 4172 Priorem

913 4208 1138 4280 'minus
1158 4214 1329 4299 juste
1360 4209 1725 4277 deforciavit
1752 4218 1859 4276 διο.
1947 4210 2037 4275 Et
2063 4208 2226 4297 petit
2253 4208 2402 4274 inde
2448 4209 2696 4275 assisam
2736 4219 2843 4276 διο.
2933 4210 3024 4276 Et
3075 4210 3391 4297 predictus
3417 4212 3706 4279 Andreas

931 4322 1111 4389 venit
1139 4337 1204 4386 et
1232 4321 1392 4386 bene
1435 4314 1736 4405 cognovit
1777 4317 1946 4402 quod
1975 4317 2201 4384 reddet
2234 4316 2296 4383 ei
2343 4316 2606 4405 singulis
2650 4316 2828 4384 annis
2873 4316 3184 4405 predictos
3214 4316 3369 4382 duos
3415 4316 3706 4384 solidatos

932 4426 1214 4495 redditus
1243 4422 1535 4490 exeuntis
1563 4422 1644 4487 de
1672 4420 1956 4508 predicto
1985 4433 2343 4487 tenemento
2382 4434 2455 4485 ut
2481 4419 2865 4507 premittitur
2896 4458 2909 4471 ·
2941 4444 3057 4487 nec
3086 4434 3291 4507 potest
3318 4420 3524 4487 dicere
3554 4422 3706 4507 quin

3345 4527 3709 4593 deforciavit
