4295 5410
1959 645 2044 715 19

599 805 910 872 Hibernia
936 805 1175 871 habuit.
1263 804 1472 884 Quare
1511 802 1655 868 volo
1699 815 1762 868 et
1796 802 2060 870 firmiter
2087 801 2365 890 precipio
2405 801 2575 888 quod
2612 801 2909 889 prefatam
2946 802 3267 869 ecclesiam
3302 817 3367 870 et

599 913 927 982 canonicos
949 937 1090 978 suos
1117 925 1182 978 et
1201 933 1414 976 omnes
1441 932 1537 974 res
1566 921 1630 976 et
1651 922 1840 974 terras
1867 931 2006 972 suas
2035 905 2487 972 manuteneatis
2516 920 2579 971 et
2608 907 2967 974 custodiatis
2994 922 3057 974 et
3086 923 3369 997 protega-

599 1017 679 1084 tis
714 1055 726 1069 ·
757 1018 992 1083 nullam
1021 1015 1141 1082 sibi
1169 1013 1272 1080 vel
1299 1014 1482 1080 rebus
1512 1011 1636 1077 suis
1665 1011 1960 1096 injuriam
1988 1011 2092 1076 vel
2120 1010 2561 1078 contumeliam
2588 1011 2881 1080 facientes
2909 1039 3025 1082 nec
3054 1017 3131 1081 ab
3161 1016 3369 1102 aliquo

598 1126 736 1192 fieri
763 1126 1190 1215 permittentes
1221 1161 1236 1175 ·
1267 1134 1359 1188 set
1387 1121 1440 1186 si
1469 1119 1608 1206 quis
1637 1119 1755 1185 sibi
1784 1119 1854 1183 in
1894 1119 2105 1204 aliquo
2133 1117 2481 1184 forefecerit
2508 1118 2848 1205 plenariam
2875 1120 3023 1186 inde
3052 1121 3183 1186 sine
3211 1121 3367 1186 dila-

595 1233 774 1300 cione
787 1231 1106 1320 justiciam
1121 1228 1359 1294 faciatis
1384 1265 1397 1278 ·
1422 1241 1486 1292 et
1502 1224 1875 1313 permittatis
1904 1223 2251 1312 predictam
2279 1223 2601 1290 ecclesiam
2623 1223 2851 1291 habere
2882 1249 3092 1291 omnes
3121 1226 3363 1313 predic-

597 1351 692 1404 tas
719 1350 908 1404 terras
937 1351 1002 1402 et
1029 1333 1436 1424 possessiones
1463 1346 1528 1396 et
1559 1354 1770 1396 omnes
1799 1329 2024 1396 liberas
2053 1345 2117 1394 et
2145 1328 2430 1416 antiquas
2457 1329 2935 1396 consuetudines
2963 1347 3027 1396 et
3053 1331 3366 1397 libertates

599 1467 738 1510 suas
770 1482 784 1495 ·
815 1443 976 1508 sicut
1011 1440 1234 1506 melius
1280 1453 1344 1505 et
1389 1436 1633 1526 plenius
1681 1436 1944 1501 Dermot
1991 1435 2138 1501 Rex
2184 1434 2462 1524 Lagenie
2510 1434 2813 1522 predictas
2860 1451 3048 1502 terras
3093 1437 3367 1524 predicte

599 1551 853 1618 ecclesie
891 1564 1034 1616 ante
1072 1549 1412 1616 adventum
1449 1569 1660 1611 meum
1697 1543 1767 1608 in
1800 1543 2176 1610 Hiberniam
2205 1543 2464 1610 donavit
2494 1580 2507 1594 ·
2539 1558 2606 1609 et
2632 1544 2853 1609 liberas
2894 1543 3367 1610 consuetudines

599 1671 663 1726 et
689 1657 1001 1722 libertates
1029 1653 1345 1722 concessit.
1421 1652 1716 1717 Testibus
1741 1688 1754 1701 ·
1776 1649 2122 1716 Laurencio
2154 1648 2397 1714 Dublin
2426 1649 2888 1736 archiepiscopo
2910 1687 2923 1701 ·
2945 1649 3167 1716 Edano
3190 1649 3364 1737 Lug:

599 1763 887 1850 episcopo
919 1800 932 1813 ·
965 1762 1042 1826 R.
1067 1759 1294 1826 comite
1323 1758 1540 1824 Destr:
1574 1795 1588 1808 ·
1621 1757 1707 1822 H.
1733 1756 1812 1822 de
1834 1756 2038 1844 Lascy
2061 1793 2076 1806 ·
2101 1755 2438 1842 Radulpho
2461 1753 2539 1820 de
2560 1754 2830 1821 Warner
2861 1793 2875 1806 ·
2906 1755 3181 1822 Roberto
3205 1756 3362 1821 Poe-

600 1867 694 1933 rio
727 1906 740 1918 ·
771 1867 1095 1934 Willelmo
1124 1863 1490 1933 cancellario
1520 1886 1658 1928 meo
1689 1875 1752 1928 et
1780 1860 1994 1926 multis
2023 1861 2176 1926 aliis.

727 1971 858 2037 Nos
881 1985 1088 2036 autem
1117 1967 1460 2058 predictam
1489 1964 1898 2030 donacionem
1919 1965 2379 2031 concessionem
2408 1988 2479 2030 ac
2500 1963 2885 2030 voluntatem
2914 1977 2979 2030 et
3004 1981 3367 2054 preceptum

602 2077 867 2167 predicti
897 2075 1136 2142 domini
1167 2073 1430 2140 Henrici
1460 2069 1871 2161 progenitoris
1908 2069 2104 2136 nostri
2133 2084 2198 2135 et
2231 2083 2463 2136 cartam
2509 2093 2683 2135 suam
2711 2070 3053 2158 predictam
3096 2086 3228 2137 rata
3254 2073 3363 2138 ha-

600 2188 817 2252 bentes
845 2198 910 2250 et
937 2197 1114 2270 grata
1144 2220 1156 2233 ·
1189 2206 1262 2247 ea
1289 2204 1402 2268 pro
1431 2180 1611 2245 nobis
1639 2191 1704 2244 et
1730 2178 2064 2245 heredibus
2101 2178 2327 2244 nostris
2365 2191 2667 2265 quantum
2695 2178 2763 2244 in
2790 2179 2971 2245 nobis
2999 2197 3093 2246 est
3119 2179 3360 2246 dilectis

603 2291 782 2357 nobis
808 2290 878 2354 in
907 2288 1156 2354 Christo
1196 2311 1364 2352 nunc
1392 2284 1597 2350 Priori
1636 2297 1700 2350 et
1738 2284 2076 2351 conventui
2115 2285 2196 2350 de
2224 2285 2434 2373 gracia
2468 2299 2675 2350 nostra
2703 2285 2954 2374 speciali
2984 2300 3195 2352 tenore
3225 2311 3362 2374 pre-

599 2397 877 2463 sencium
906 2394 1302 2462 concedimus
1331 2406 1394 2458 et
1422 2392 1857 2459 confirmamus
1885 2393 2366 2481 imperpetuum.

730 2501 818 2565 Et
845 2500 1042 2566 eciam
1071 2500 1240 2587 quod
1261 2522 1404 2564 cum
1427 2498 1547 2586 ipsi
1575 2500 1846 2564 habeant
1872 2513 1937 2564 et
1965 2513 2220 2566 teneant
2237 2500 2481 2566 diversa
2505 2498 2781 2566 maneria
2806 2512 2995 2566 terras
3016 2513 3369 2566 tenementa

601 2605 880 2671 redditus
897 2619 961 2670 et
989 2605 1248 2672 servicia
1275 2619 1341 2670 et
1368 2604 1516 2670 alias
1538 2605 1944 2693 possessiones
1973 2607 2322 2694 spirituales
2350 2619 2415 2672 et
2440 2607 2807 2695 temporales
2835 2607 2903 2672 in
2933 2607 3189 2674 diversis
3216 2606 3368 2676 locis

601 2726 666 2779 et
694 2712 970 2801 partibus
1000 2727 1159 2779 terre
1202 2727 1407 2779 nostre
1439 2714 1746 2781 Hibernie
1791 2740 1874 2781 ex
1916 2715 2093 2781 donis
2127 2732 2193 2782 et
2228 2717 2725 2784 concessionibus
2754 2717 3135 2783 diversorum
3164 2718 3362 2783 domi-

603 2842 828 2884 norum
857 2832 922 2884 et
949 2819 1210 2885 aliorum
1243 2859 1257 2873 ·
1289 2845 1552 2907 quarum
1581 2822 1998 2889 donacionum
2041 2837 2106 2890 et
2150 2824 2615 2890 concessionum
2654 2824 2920 2910 quedam
2949 2838 3112 2890 carte
3140 2824 3368 2911 scripta

606 2924 999 2992 feoffamenta
1043 2940 1108 2991 et
1145 2926 1267 2991 alia
1299 2925 1689 2991 munimenta
1715 2926 1959 3014 perdita
2004 2940 2068 2991 et
2096 2927 2365 3013 quedam
2410 2929 2731 2994 combusta
2768 2928 3047 2993 existunt
3081 2928 3243 2995 sicut
3270 2927 3363 2993 di-

605 3046 759 3098 cunt
789 3070 803 3084 ·
835 3031 966 3096 Nos
993 3033 1272 3098 volentes
1309 3032 1620 3099 securitati
1649 3033 1924 3120 ipsorum
1951 3033 2185 3099 Prioris
2213 3046 2278 3100 et
2304 3046 2645 3099 conventus
2682 3046 2747 3099 et
2781 3056 3197 3101 successorum
3225 3058 3363 3099 suo-

605 3161 744 3203 rum
773 3137 842 3203 in
869 3138 988 3203 hac
1017 3151 1189 3226 parte
1217 3138 1562 3226 specialiter
1590 3140 1916 3227 providere
1949 3178 1962 3191 ·
1995 3164 2207 3207 omnes
2234 3154 2301 3207 et
2326 3140 2597 3229 singulas
2617 3140 2975 3226 hujusmodi
2997 3141 3366 3207 donaciones

604 3259 670 3310 et
696 3246 1116 3313 concessiones
1146 3247 1540 3313 dominorum
1576 3262 1642 3315 et
1667 3248 1928 3315 aliorum
1957 3249 2377 3337 predictorum
2406 3272 2478 3314 ac
2506 3260 2733 3313 statum
2760 3246 3014 3312 titulum
3042 3260 3107 3312 et
3132 3270 3369 3334 posses-

604 3349 840 3416 sionem
872 3376 1024 3437 quos
1053 3352 1245 3418 iidem
1264 3354 1444 3419 Prior
1470 3368 1534 3420 et
1561 3369 1903 3421 conventus
1923 3356 2159 3422 habent
2176 3356 2246 3421 in
2268 3355 2501 3421 eisdem
2528 3354 2817 3421 maneriis
2844 3353 3021 3421 terris
3048 3366 3363 3421 tenemen-

607 3458 686 3523 tis
728 3458 1076 3524 redditibus
1118 3457 1392 3525 serviciis
1435 3474 1500 3526 et
1527 3459 1663 3525 aliis
1690 3460 2174 3548 possessionibus
2212 3458 2633 3548 spiritualibus
2667 3470 2732 3523 et
2759 3458 3197 3545 temporalibus
3226 3483 3362 3547 pre-

608 3561 789 3627 dictis
819 3560 1022 3627 Priori
1068 3575 1132 3627 et
1180 3562 1515 3629 conventui
1560 3576 1624 3627 et
1661 3563 2107 3631 successoribus
2158 3562 2283 3627 suis
2322 3576 2629 3649 quantum
2678 3561 2747 3626 in
2790 3562 2969 3628 nobis
3013 3576 3107 3629 est
3154 3578 3365 3631 tenore

607 3666 994 3756 presencium
1023 3667 1420 3733 concedimus
1457 3680 1522 3733 et
1547 3666 1982 3733 confirmamus
2009 3666 2467 3755 imperpetuum
2501 3704 2515 3718 ·
2546 3667 2832 3734 habenda
2860 3680 2924 3733 et
2950 3670 3218 3735 tenenda
3244 3671 3363 3738 sibi

611 3787 676 3839 et
703 3772 1152 3840 successoribus
1181 3774 1305 3838 suis
1334 3773 1543 3839 omnia
1568 3772 1850 3861 predicta
1891 3773 2166 3839 maneria
2193 3787 2381 3838 terras
2411 3786 2763 3839 tenementa
2788 3772 3067 3838 redditus
3108 3774 3367 3841 servicia

609 3892 672 3945 et
700 3878 848 3944 alias
877 3867 1284 3965 possessiones
1327 3878 1676 3967 spirituales
1721 3894 1785 3945 et
1813 3878 2179 3966 temporales
2221 3916 2234 3929 ·
2265 3903 2391 3943 una
2418 3902 2562 3944 cum
2590 3877 2977 3945 libertatibus
3002 3878 3361 3946 franchesiis

607 3983 954 4073 privilegiis
982 3998 1047 4051 et
1073 3986 1624 4053 consuetudinibus
1653 3986 1878 4072 quibus
1895 3986 2016 4073 ipsi
2037 3999 2102 4052 et
2130 3986 2582 4073 predecessores
2608 3984 2706 4051 sui
2732 3984 3030 4051 hactenus
3044 3984 3365 4073 hucusque

609 4089 1066 4157 racionabiliter
1091 4090 1188 4155 uti
1217 4102 1281 4155 et
1308 4090 1580 4178 gaudere
1607 4102 2078 4155 consueverunt.

739 4196 826 4261 Et
850 4194 1110 4261 ulterius
1139 4195 1218 4261 de
1246 4195 1515 4261 uberiori
1555 4195 1763 4283 gracia
1789 4193 1996 4260 nostra'.
2041 4193 2452 4261 concessimus
2496 4206 2561 4261 et
2586 4192 2911 4260 licenciam
2940 4192 3224 4259 dedimus
3250 4218 3364 4283 pro

609 4300 790 4368 nobis
835 4316 898 4367 et
924 4301 1257 4367 heredibus
1299 4302 1523 4369 nostris
1569 4316 1872 4390 quantum
1899 4302 1968 4367 in
2013 4301 2193 4368 nobis
2239 4314 2331 4367 est
2368 4300 2662 4389 predictis
2691 4301 2893 4367 Priori
2920 4313 2987 4367 et
3029 4301 3364 4367 conventui

610 4406 781 4493 quod
817 4406 937 4495 ipsi
967 4406 1289 4493 adquirere
1318 4409 1555 4496 possint
1581 4420 1770 4475 terras
1798 4419 2152 4474 tenementa
2186 4406 2465 4475 redditus
2492 4430 2637 4473 cum
2665 4406 3059 4495 pertinenciis
3087 4420 3152 4473 et
3177 4406 3367 4473 advo-

1905 4511 1969 4577 D
2001 4534 2038 4581 2
3085 4512 3363 4579 caciones
