4295 5410
595 855 736 899 meo
767 854 956 918 quam
985 831 1300 920 Margeria
1328 832 1406 898 de
1435 831 1783 901 Sarnesfeld
1812 833 1989 900 dedit
2015 832 2294 924 predicte
2324 831 2537 900 domui
2569 834 2873 901 Omnium
2900 835 3267 902 Sanctorum
3298 838 3365 902 in

599 955 963 1033 perpetuam
991 941 1408 1009 elemosinam.

722 1048 811 1115 Et
840 1047 919 1114 ad
946 1047 1108 1113 hanc
1138 1046 1518 1112 solucionem
1539 1044 1820 1135 predicto
1841 1046 2108 1112 termino
2131 1045 2264 1112 sine
2293 1045 2574 1112 ulteriori
2596 1047 2901 1115 dilacione
2932 1050 3099 1137 apud
3120 1051 3362 1138 predic-

593 1167 723 1222 tam
751 1154 1008 1219 domum
1038 1153 1342 1219 Omnium
1375 1153 1743 1221 Sanctorum
1773 1153 2019 1221 Dublin
2045 1153 2395 1220 faciendam
2435 1153 2646 1243 obligo
2674 1178 2775 1220 me
2818 1167 2883 1220 et
2908 1155 3166 1221 heredes
3194 1181 3365 1222 meos

594 1259 864 1349 presenti
893 1258 1121 1347 scripto
1147 1259 1218 1324 in
1245 1271 1635 1347 perpetuum.
1723 1259 1894 1326 Volo
1923 1259 2120 1326 eciam
2157 1273 2223 1325 et
2259 1259 2533 1326 concedo
2562 1260 2732 1346 quod
2775 1261 3058 1327 canonici
3086 1262 3363 1350 predicte

595 1366 816 1432 domus
846 1363 1151 1430 Omnium
1184 1363 1550 1431 Sanctorum
1590 1363 1700 1450 qui
1750 1387 1865 1451 pro
1910 1376 2191 1452 tempore
2218 1363 2451 1429 fuerint
2495 1386 2597 1429 me
2642 1377 2708 1430 et
2735 1365 2993 1432 heredes
3038 1391 3207 1433 meos
3250 1391 3364 1455 per

593 1471 946 1562 predictum
979 1483 1406 1536 tenementum
1448 1471 1500 1536 si
1531 1494 1775 1538 necesse
1804 1470 1994 1538 fuerit
2021 1471 2392 1559 compellere
2420 1471 2659 1559 possint
2686 1472 2765 1537 ad
2793 1472 3059 1562 predicti
3086 1473 3363 1539 redditus

595 1577 789 1643 annui
817 1576 1212 1643 solucionem.
1302 1576 1381 1642 In
1410 1577 1588 1663 cujus
1625 1577 1716 1644 rei
1743 1576 2170 1644 testimonium
2214 1577 2419 1666 sigillo
2446 1601 2588 1644 meo
2616 1591 2929 1668 presentes
2956 1577 3163 1646 literas
3191 1579 3361 1668 sig-ss-

595 1683 748 1752 latas
775 1683 1052 1775 predicte
1081 1682 1296 1750 domui
1323 1683 1444 1752 feci
1473 1697 1770 1774 patentes.

1812 1981 2138 2056 LXXII.

599 2171 856 2245 nnuma
890 2171 1182 2245 clamatio
1214 2171 1569 2268 globum&
1602 2167 1938 2248 monela&
1972 2179 2030 2240 tt
2056 2172 2128 2241 δε
2163 2169 2442 2244 warna
2482 2170 2763 2257 ttusfltm
2814 2169 2997 2242 παῖε
3049 2169 3359 2242 turiurum

600 2302 659 2363 tt
692 2291 881 2382 regali
915 2293 1182 2366 semitis.

762 2483 956 2547 Ateat
998 2480 1304 2546 universis
1346 2503 1593 2567 presens
1628 2480 1929 2568 scriptum
1967 2476 2339 2566 inspecturis
2375 2478 2477 2542 vel
2508 2477 2809 2544 audituris
2839 2479 3009 2564 quod
3034 2504 3148 2545 nos
3176 2481 3363 2548 frater

788 2585 1077 2676 Nigellus
1105 2586 1288 2651 Prior
1323 2585 1543 2651 domus
1573 2584 1878 2652 Omnium
1910 2585 2281 2651 Sanctorum
2314 2583 2504 2670 juxta
2532 2583 2777 2651 Dublin
2822 2597 2886 2650 et
2930 2585 3209 2672 ejusdem
3238 2587 3359 2652 loci

595 2704 938 2760 conventus
977 2714 1224 2757 assensu
1251 2702 1316 2757 et
1342 2713 1644 2756 consensu
1684 2689 1884 2756 tocius
1928 2687 2191 2777 capituli
2219 2688 2413 2754 nostri
2450 2689 2861 2756 concessimus
2905 2691 3253 2757 remisimus
3298 2705 3363 2760 et

595 2802 877 2888 quietum
906 2800 1308 2867 clamavimus
1336 2800 1380 2865 J
1381 2799 1614 2866 ohanm
1643 2797 1950 2865 Wodeloc
1978 2794 2377 2884 maritagium
2414 2796 2693 2916 ejusdem
2723 2796 2893 2882 quod
2922 2796 3001 2862 ad
3029 2820 3139 2861 nos
3168 2796 3358 2885 perti-

593 2931 742 2974 nere
772 2906 1112 2972 dinoscitur
1139 2906 1274 2971 de
1247 2930 1439 2991 Jure·
1469 2929 1544 2971 eo
1591 2905 1762 2991 quod
1807 2904 1885 2971 de
1930 2903 2110 2969 nobis
2160 2914 2331 2968 tenet
2356 2914 2583 2968 terram
2628 2902 2697 2967 in
2743 2902 2893 2968 villa
2939 2926 3061 2988 que
3104 2916 3361 2969 vocatur

593 3012 1194 3101 Wyllamhystoun'
1175 3037 1243 3077 m
1265 3026 1620 3079 tenemento
1643 3013 1722 3079 de
1749 3012 2169 3079 Castrocnok·
2188 3010 2548 3077 habendum
2569 3024 2634 3077 et
2662 3010 3101 3099 possidendum
3120 3009 3359 3075 dictum

593 3118 990 3206 maritagium
1018 3140 1162 3184 cum
1191 3116 1486 3183 acciderit
1513 3117 1633 3184 sibi
1661 3130 1726 3184 et
1752 3116 2086 3183 heredibus
2114 3116 2239 3181 suis
2263 3116 2341 3182 de
2368 3117 2549 3183 nobis
2578 3129 2642 3182 et
2662 3115 3109 3181 successoribus
3136 3115 3359 3180 nostris

593 3250 706 3315 pro
735 3226 1028 3313 homagio
1056 3239 1122 3290 et
1148 3226 1408 3291 servicio
1437 3250 1550 3291 suo
1592 3239 1658 3291 et
1683 3226 1986 3292 heredum
2029 3248 2281 3291 suorum
2324 3223 2504 3290 nobis
2543 3236 2609 3289 et
2650 3222 3097 3290 successoribus
3135 3222 3357 3287 nostris

594 3332 662 3396 in
691 3344 1064 3419 perpetuum
1091 3329 1544 3417 impendendis.

719 3437 820 3502 Ita
847 3436 1018 3522 quod
1045 3460 1158 3500 nos
1186 3460 1302 3500 nec
1329 3458 1702 3501 successores
1728 3434 1923 3499 nostri
1953 3433 2192 3518 aliquid
2212 3432 2374 3518 juris
2402 3432 2505 3498 vel
2533 3432 2741 3499 clamii
2767 3432 2836 3496 in
2864 3432 3145 3520 predicto
3173 3433 3357 3499 mari-

591 3543 762 3631 tagio
789 3540 984 3631 ipsius
1011 3542 1055 3607 J
1057 3542 1318 3606 ohannis
1353 3540 1457 3606 vel
1483 3540 1786 3607 heredum
1832 3563 2082 3605 suorum
2125 3539 2193 3603 in
2239 3550 2555 3626 posterum
2601 3539 2857 3627 exigere
2906 3539 3009 3604 vel
3046 3539 3355 3627 possidere

592 3646 946 3714 debeamus.
998 3647 1200 3713 Salvis
1220 3648 1399 3714 nobis
1421 3660 1486 3713 et
1505 3647 1956 3714 successoribus
1984 3646 2208 3712 nostris
2230 3646 2438 3713 warda
2458 3646 2607 3712 inde
2624 3646 3027 3734 proveniente
3045 3648 3356 3713 curiarum

591 3753 772 3820 sectis
799 3766 866 3819 et
891 3752 1087 3841 regali
1115 3752 1394 3817 servicio.
1481 3753 1558 3817 In
1589 3753 1766 3838 cujus
1803 3752 1894 3817 rei
1921 3752 2347 3817 testimonium
2376 3751 2526 3817 huic
2564 3752 2793 3839 scripto
2822 3752 3115 3841 bipartito
3154 3755 3357 3843 sigilla

590 3861 872 3949 parcium
918 3874 1063 3926 sunt
1101 3884 1386 3949 appensa.
1476 3860 1623 3925 Hiis
1651 3860 1908 3927 testibus
1942 3899 1955 3912 ·
1987 3861 2031 3925 J
2032 3860 2264 3926 ordano
2295 3859 2538 3925 Locard
2570 3897 2583 3911 ·
2615 3858 2678 3923 N
2679 3859 2922 3925 icholao
2953 3860 3030 3926 de
3054 3859 3315 3926 Houeth
3338 3898 3351 3912 ·

591 3966 870 4033 Henrico
916 3967 977 4033 le
1022 3967 1180 4033 Low
1227 3965 1534 4032 militibus
1567 4005 1582 4019 ·
1612 3966 1874 4033 Andrea
1912 3967 2108 4055 Tyrel
2141 4004 2155 4017 ·
2187 3966 2376 4031 Petro
2423 3964 2502 4032 de
2541 3965 2831 4032 Arderne
2864 4004 2878 4018 ·
2910 3966 3236 4033 Willelmo
3273 3967 3351 4032 de

587 4073 777 4140 Abbe
805 4086 870 4139 et
899 4071 1052 4138 aliis.

662 4574 847 4619 rarsn
875 4574 1068 4622 Anca.
1099 4574 1225 4621 soc.
1265 4578 1358 4623 10.
1933 4558 1996 4621 K
3027 4556 3347 4624 LXXIII.
