4295 5410
2278 640 2371 709 54

934 795 1268 860 tenendam
1315 808 1378 860 et
1417 795 1770 862 habendam
1807 796 1876 860 in
1919 820 2140 884 puram
2171 796 2430 862 liberam
2474 810 2539 861 et
2582 809 2947 884 perpetuam
2984 793 3385 861 elemosinam
3414 795 3607 862 libere
3643 810 3711 862 et

937 901 1149 986 quiete
1179 901 1436 989 pacifice
1477 915 1541 968 et
1579 902 1822 990 integre
1868 927 2014 967 cum
2052 903 2341 969 omnibus
2378 902 2771 986 libertatibus
2810 914 2875 968 et
2902 900 3115 967 liberis
3160 902 3715 969 consuetudinibus

935 1007 1016 1071 ad
1043 1006 1303 1072 liberam
1332 1008 1732 1075 elemosinam
1761 1008 2235 1096 pertinentibus
2303 1009 2397 1075 Ut
2435 1023 2643 1075 autem
2671 1009 2789 1074 hec
2828 1031 2969 1072 mea
2996 1007 3258 1072 donacio
3299 1020 3364 1072 et
3402 1009 3712 1074 concessio

933 1125 1066 1178 rata
1093 1127 1452 1201 permaneat
1479 1128 1543 1180 et
1569 1114 1934 1180 inconcussa
1966 1139 2217 1203 presens
2260 1116 2561 1204 scriptum
2601 1113 2999 1202 apposicione
3028 1113 3221 1201 sigilli
3248 1113 3375 1178 mei
3402 1115 3708 1180 roboravi.

934 1219 1080 1283 Hiis
1108 1220 1370 1286 testibus
1393 1220 1470 1284 R.
1502 1220 1718 1286 Priore
1751 1219 1979 1287 Sancte
2010 1218 2339 1286 Trinitatis
2375 1218 2694 1284 ·Walte1·o
2726 1217 2960 1283 decano
2990 1255 3003 1267 ·
3026 1216 3399 1282 Alexandro
3436 1218 3515 1284 de
3545 1218 3709 1283 Tur-

933 1327 1126 1392 bevill
1164 1366 1176 1378 ·
1210 1327 1581 1394 Alexandro
1610 1327 1892 1394 sellatore
1918 1366 1933 1379 ·
1957 1327 2231 1394 Ricardo
2252 1327 2523 1414 janitore
2554 1340 2617 1392 et
2643 1325 2857 1390 multis
2886 1325 3039 1391 aliis.

2245 1674 2406 1747 LV.

1918 1861 2032 1935 me
2066 1871 2243 1952 pratu
2274 1863 2345 1932 ht
2379 1860 2708 1936 Qantara.

1139 2051 1254 2116 EC
1293 2062 1387 2114 est
1423 2047 1768 2114 convencio
1795 2048 1958 2114 facta
1984 2049 2151 2114 inter
2181 2049 2609 2114 Thurstanum
2638 2047 2841 2112 filium
2870 2047 3207 2114 Vincencii
3236 2049 3314 2115 de
3344 2049 3403 2114 la
3436 2049 3701 2115 Sti-ande

1181 2180 1264 2221 ex
1309 2179 1437 2220 una
1481 2167 1656 2242 parte
1707 2166 1771 2218 et
1816 2153 2098 2220 Priorem
2152 2168 2216 2220 et
2259 2168 2638 2220 conventum
2682 2153 2939 2219 ecclesie
2983 2153 3289 2219 Omnium
3330 2155 3699 2221 Sanctorum

921 2266 1113 2350 juxta
1149 2261 1392 2328 Dublin
1436 2284 1522 2325 ex
1552 2260 1742 2326 altera
1768 2273 1943 2348 parte
1969 2297 1984 2311 ·
2009 2259 2248 2326 scilicet
2286 2260 2457 2346 quod
2496 2259 2699 2326 dictus
2730 2259 3122 2326 Thurstanus
3160 2259 3460 2328 concessit
3488 2275 3551 2327 et
3588 2287 3701 2349 per

929 2370 1090 2435 hanc
1111 2365 1599 2435 convencionem
1630 2365 2020 2431 confirmavit
2041 2365 2182 2432 Deo
2200 2379 2264 2431 et
2292 2365 2548 2432 ecclesie
2574 2365 2878 2431 Omnium
2904 2366 3270 2433 Sanctorum
3298 2380 3363 2434 et
3390 2367 3703 2433 canonicis

925 2473 1163 2539 ibidem
1197 2471 1336 2537 Deo
1385 2469 1796 2536 servientibus
1845 2494 2027 2536 omne
2049 2471 2155 2556 jus
2196 2471 2366 2557 quod
2392 2471 2616 2536 habuit
2657 2469 2761 2536 vel
2789 2470 3017 2538 habere
3057 2474 3276 2540 debuit
3302 2475 3372 2539 in
3412 2489 3588 2563 prato
3619 2476 3699 2541 de

928 2577 1220 2645 Kenturk
1239 2601 1353 2664 pro
1401 2576 1596 2642 salute
1643 2576 1848 2643 anime
1891 2602 2000 2643 sue
2046 2591 2110 2643 et
2139 2577 2295 2644 dicti
2324 2577 2661 2644 Vincencii
2689 2579 2880 2666 patris
2910 2579 3005 2644 sui
3028 2596 3092 2645 et
3120 2580 3320 2646 Elene
3348 2581 3559 2648 matris
3588 2606 3698 2647 sue

926 2697 990 2749 et
1018 2695 1470 2749 antecessorum
1499 2695 1564 2749 et
1592 2708 2009 2751 successorum
2044 2711 2296 2752 suorum
2324 2726 2337 2738 ·
2360 2685 2721 2752 habendum
2766 2699 2830 2753 et
2857 2687 3201 2753 tenendum
3245 2687 3479 2755 eisdem
3522 2714 3697 2777 sepe-

926 2795 1092 2860 dicte
1125 2794 1346 2858 domus
1375 2790 1687 2858 canonicis
1716 2791 2159 2880 inperpetuum
2178 2793 2247 2857 in
2275 2817 2497 2881 puram
2540 2809 2604 2858 et
2632 2807 2996 2881 perpetuam
3026 2794 3426 2860 elemosinam
3459 2833 3472 2845 ·
3508 2794 3697 2860 Salvo

925 2902 1094 2987 quod
1140 2898 1296 2966 dicti
1345 2897 1629 2964 canonici
1674 2897 1842 2963 dicto
1887 2897 2245 2963 Thurstano
2286 2896 2389 2961 vel
2423 2897 2759 2962 heredibus
2808 2898 2937 2962 suis
2977 2898 3334 2987 persolvant
3375 2899 3695 2965 annuatim

923 3031 1120 3072 unum
1148 3030 1261 3093 par
1282 3004 1616 3071 calcarium
1638 3002 1740 3068 vel
1770 3016 2034 3088 quatuor
2064 3002 2349 3069 denarios
2370 3002 2439 3067 in
2469 3003 2734 3068 termino
2764 3004 3003 3070 Pasche
3031 3028 3144 3092 pro
3175 3006 3347 3069 omni
3368 3006 3695 3071 exactione

924 3112 1265 3178 vexacione
1295 3123 1361 3176 et
1390 3110 1697 3176 demanda
1725 3108 1887 3175 sicut
1906 3110 1975 3173 in
1998 3109 2154 3174 dicti
2170 3108 2498 3174 Vincentii
2521 3125 2689 3175 carta
2708 3110 3063 3175 continetur
3092 3110 3417 3176 dominum
3438 3112 3697 3177 Petrum

925 3220 1087 3284 bone
1117 3217 1415 3283 memorie
1445 3215 1696 3281 Ossorie
1724 3215 2085 3303 episcopum
2115 3215 2285 3280 dicto
2314 3214 2666 3281 Vincencio
2694 3216 3076 3303 persolvisse.

1054 3325 1244 3405 Quod
1272 3325 1324 3389 si
1353 3350 1390 3390 a
1427 3324 1741 3389 solucione
1763 3322 2185 3410 predictorum
2215 3323 2547 3389 calcarium
2576 3322 2729 3388 dicti
2760 3324 3044 3389 canonici
3072 3348 3187 3412 per
3232 3348 3465 3389 annum
3501 3348 3695 3390 cessa-

928 3429 1136 3495 verint
1162 3430 1366 3495 dictus
1391 3429 1790 3515 'Thurstanus
1819 3429 1921 3494 vel
1951 3429 2209 3495 heredes
2238 3430 2372 3515 ejus
2401 3428 2753 3518 predictum
2783 3444 3031 3517 pratum
3058 3430 3383 3496 intrabunt
3410 3445 3476 3495 et
3501 3430 3697 3496 libere

925 3536 1332 3625 possidebunt
1365 3535 1661 3601 solvendo
1693 3534 2015 3600 annuatim
2043 3533 2339 3621 predictis
2369 3533 2685 3599 canonicis
2715 3534 2871 3599 duos
2909 3534 3137 3598 solidos
3175 3534 3434 3623 argenti.
3508 3534 3598 3599 Et
3624 3548 3699 3599 ut

923 3646 1041 3711 hec
1069 3642 1380 3708 concessio
1410 3656 1473 3708 et
1499 3643 1689 3728 hujus
1717 3642 2157 3708 convencionis
2186 3641 2581 3708 confirmacio
2598 3640 2667 3705 in
2694 3640 3153 3728 presenciarum
3180 3653 3315 3706 rata
3340 3653 3700 3727 permaneat

924 3762 989 3817 et
1015 3749 1083 3812 in
1113 3760 1428 3836 posterum
1473 3746 1835 3812 inconcussa
1873 3747 2177 3812 habeatur
2222 3745 2489 3834 predicti
2528 3745 2810 3811 canonici
2848 3745 3011 3833 parti
3061 3745 3389 3834 cyrograffi
3430 3744 3698 3833 predicti

926 3853 1268 3923 Thurstani
1297 3852 1572 3941 sigillum
1602 3875 1783 3917 suum
1813 3862 2233 3939 apposuerunt
2266 3887 2280 3900 ·
2304 3862 2370 3915 et
2396 3848 2566 3915 idem
2586 3849 2977 3915 Thurstanus
3006 3849 3171 3937 parti
3198 3848 3528 3939 cyrograffi
3554 3874 3694 3938 pre-

926 3963 1236 4029 dictorum
1275 3958 1714 4025 canonicorum
1754 3956 2032 4045 sigillum
2076 3980 2260 4021 suum
2300 3956 2588 4044 apposuit
2620 3995 2632 4007 ·
2663 3957 2781 4023 hec
2826 3958 3167 4025 convencio
3196 3958 3358 4026 facta
3382 3960 3506 4026 fuit
3534 3985 3699 4027 anno

925 4068 1346 4137 coronacionis
1375 4066 1639 4131 Henrici
1667 4065 1846 4131 tercii
1872 4064 2036 4153 regis
2064 4063 2305 4151 Anglie
2334 4064 2801 4152 quintodecimo
2832 4104 2845 4117 ·
2876 4064 3029 4133 luna
3056 4080 3342 4133 currente
3378 4090 3490 4153 per
3536 4065 3693 4131 xvii.

925 4180 1104 4247 litera
1131 4204 1186 4245 c.
1209 4187 1448 4244 mutata
1476 4174 1555 4241 de
1584 4174 1645 4239 d.
1669 4184 1921 4263 propter
1947 4171 2286 4240 bisextum.

3515 4529 3692 4594 LVI.
