4295 5410
2252 660 2277 711 1
2296 640 2382 711 28

928 838 1056 877 sum
1086 828 1146 877 et
1188 820 1344 897 quod
1369 818 1622 878 habeant
1650 820 1854 879 turbas
1895 820 1970 879 ad
2011 822 2203 899 ignem
2247 832 2309 881 et
2337 832 2635 899 pasturam
2662 822 2735 879 ad
2764 821 3035 881 animalia
3060 839 3165 879 sua
3190 819 3379 878 etalia
3402 810 3717 877 necessaria

931 960 1254 977 ........
1283 918 1364 975 sic
1390 926 1462 976 ut
1487 918 1589 976 alii
1612 917 1873 977 homines
1909 918 1982 977 de
2007 920 2199 996 patria
2222 919 2455 977 habent.
2538 920 2620 976 Et
2657 918 2813 995 quod
2838 928 3035 977 emant
3074 928 3136 977 et
3172 908 3426 976 veridant
3464 924 3525 975 et
3564 936 3717 975 mer·

930 1016 1256 1074 chandizias
1293 1035 1426 1073 suas
1459 1016 1671 1073 faciant
1696 1035 1800 1092 per
1821 1024 2003 1073 totam
2025 1024 2243 1074 terram
2269 1034 2453 1073 meam
2475 1016 2671 1091 quiete
2697 1022 2758 1072 et
2787 1014 3021 1091 pacifice
3058 1023 3117 1072 et
3137 1014 3259 1071 sine
3286 1012 3445 1071 omni
3474 1012 3715 1090 impedi-

929 1126 1144 1173 mento.
1224 1115 1323 1173 Ad
1347 1114 1456 1173 hec
1485 1114 1617 1173 volo
1653 1114 1815 1190 quod
1844 1112 2106 1173 homines
2131 1112 2204 1171 de
2230 1122 2387 1171 terra
2414 1132 2539 1171 mea
2564 1112 2812 1189 operarii
2838 1111 3184 1171 conductitii
3210 1113 3329 1170 sint
3370 1112 3433 1170 in
3461 1111 3718 1171 Servicio

931 1255 1254 1271 ........
1296 1232 1431 1271 cum
1457 1212 1782 1289 indiguerit
1824 1212 2056 1289 quando
2083 1212 2144 1269 in
2174 1212 2412 1270 servitio
2450 1212 2688 1288 proprio
2726 1231 2845 1269 non
2879 1212 3105 1270 fuerint
3130 1211 3362 1270 retenti.
3444 1211 3719 1270 Preterea

931 1308 1183 1369 concessi
1220 1310 1378 1368 dicto
1405 1310 1723 1368 Willielmo
1770 1308 1843 1367 de
1885 1308 2048 1368 Snell
2083 1308 2147 1367 in
2190 1318 2569 1385 augmentum
2606 1308 2761 1367 dicte
2800 1308 3035 1368 Vicarie
3074 1329 3178 1368 sue
3218 1310 3449 1368 intuitu
3481 1308 3719 1388 pietatis

930 1430 1110 1467 unam
1147 1408 1420 1468 batellam
1457 1408 1822 1487 piscatricem
1848 1408 2090 1467 liberam
2117 1418 2179 1466 et
2205 1408 2463 1484 quietam
2488 1407 2551 1465 in
2592 1416 2943 1485 perpetuum
2978 1409 3053 1467 ab
3080 1408 3238 1467 omni
3281 1408 3714 1477 consuetudine,

930 1510 1236 1568 exaccione
1278 1519 1339 1567 et
1381 1508 1661 1567 demanda
1686 1508 1757 1565 ad
1783 1527 1877 1566 me
1903 1517 1962 1566 et
1987 1506 2226 1565 heredes
2256 1526 2412 1565 meos
2455 1508 2854 1584 spectantibus
2884 1508 3224 1584 ubicunque
3267 1508 3613 1585 applicuerit
3652 1508 3717 1565 in

931 1618 1088 1665 terra
1129 1627 1256 1665 mea
1298 1616 1358 1665 et
1393 1626 1588 1665 omnes
1627 1606 1940 1684 piscatores
1981 1605 2052 1663 de
2080 1615 2237 1665 terra
2259 1626 2388 1665 mea
2430 1606 2535 1683 qui
2576 1606 2811 1665 eandem
2838 1606 3137 1666 battellam
3165 1606 3239 1664 ad
3264 1605 3601 1684 piscandum
3628 1606 3717 1663 in·

929 1707 1218 1766 traverint
1253 1704 1316 1763 in
1357 1725 1516 1763 mare
1556 1702 1678 1764 sive
1718 1704 1942 1763 fuerint
1980 1705 2225 1783 obligati
2261 1707 2383 1765 sive
2417 1726 2535 1765 non
2564 1705 2707 1765 dum
2734 1708 3006 1766 steterint
3041 1706 3104 1764 in
3144 1705 3387 1765 servicio
3428 1724 3536 1763 suo
3581 1724 3715 1764 cum

931 1804 1006 1863 ad
1045 1814 1262 1863 terram
1304 1804 1585 1864 redierint
1622 1802 1911 1864 immunes
1953 1806 2074 1865 sint
2113 1808 2187 1865 ab
2234 1808 2393 1865 omni
2432 1807 2735 1866 exaccione
2776 1816 2835 1865 et
2865 1806 3143 1865 demanda
3180 1805 3254 1863 ad
3280 1824 3372 1863 me
3396 1814 3457 1863 et
3482 1800 3719 1863 heredes

932 1886 1088 1961 meos
1128 1904 1457 1981 pertinente
1495 1922 1602 1962 nec
1642 1905 1717 1961 ab
1756 1902 1970 1961 eisdem
2010 1923 2112 1980 per
2160 1904 2552 1962 extorcionem
2597 1903 2819 1980 injuste
2857 1902 3083 1980 aliquid
3121 1904 3349 1979 exigam
3390 1902 3485 1960 vel
3536 1901 3719 1977 aliqui

929 2022 1193 2061 meorum
1217 2003 1446 2060 nomine
1470 2022 1613 2061 me0.
1694 2002 1810 2061 Sed
1837 2003 1886 2059 si
1911 2003 2165 2078 aliquam
2192 2004 2608 2082 emptacionem
2627 2003 2877 2080 piscium
2902 2004 2977 2061 ab
3002 2002 3217 2061 eisdem
3243 2000 3455 2060 habere
3480 2000 3719 2059 voluero

932 2098 1004 2156 de
1033 2118 1232 2157 eorum
1281 2106 1595 2175 spontanea
1631 2098 1939 2156 voluntate
1981 2108 2040 2156 et
2081 2118 2189 2175 pro
2226 2100 2416 2177 pretio
2451 2119 2568 2176 quo
2604 2100 2755 2158 alius
2797 2098 3213 2177 emptacionem
3255 2098 3467 2159 habere
3502 2101 3719 2177 poterit

933 2196 1095 2254 illam
1139 2197 1412 2274 recipiam
1455 2206 1516 2255 et
1542 2198 1668 2255 sine
1712 2198 1871 2255 omni
1912 2196 2249 2255 condicione
2290 2206 2351 2255 et
2388 2196 2671 2255 dilacione
2710 2196 2775 2255 in
2811 2198 2991 2255 Porta
3017 2196 3091 2256 de
3115 2198 3313 2256 valore
3354 2198 3717 2257 satisfaciam.

936 2298 1213 2354 Ceterum
1255 2298 1511 2375 obligavi
1550 2317 1645 2356 me
1691 2308 1813 2356 tam
1848 2296 1912 2356 in
1954 2298 2289 2375 recepcione
2330 2298 2677 2355 sacramenti
2727 2317 2904 2373 quam
2940 2298 3199 2374 presenti
3240 2297 3459 2372 scripto
3507 2306 3568 2353 et
3606 2296 3718 2353 sub

933 2417 1080 2473 pena
1107 2396 1189 2453 xL
1219 2396 1540 2455 solidorum
1561 2396 1736 2454 tactis
1771 2396 2167 2455 sacrosanctis
2192 2415 2301 2472 pro
2326 2414 2420 2453 me
2447 2404 2507 2453 et
2532 2414 2641 2472 pro
2668 2394 2811 2453 meis
2839 2393 2997 2471 quod
3022 2413 3325 2470 nunquam
3352 2394 3415 2451 in
3442 2394 3567 2453 vita
3592 2412 3719 2451 mea

934 2498 998 2554 in
1027 2496 1290 2554 Prelatos
1316 2515 1473 2554 meos
1499 2496 1802 2574 insurgam
1829 2506 2035 2554 contra
2053 2496 2358 2572 justiciam
2384 2514 2491 2552 nec
2517 2513 2725 2552 manus
2756 2492 3039 2554 violentas
3066 2493 3130 2551 in
3154 2494 3311 2569 ipsos
3335 2492 3430 2550 vel
3464 2492 3718 2568 aliquem

935 2595 1008 2653 de
1035 2596 1158 2653 suis
1190 2594 1284 2652 vel
1318 2594 1382 2652 in
1418 2595 1672 2671 aliquem
1701 2596 1996 2653 Clericum
2031 2594 2147 2653 nisi
2187 2615 2281 2653 me
2306 2593 2664 2652 defendendo
2700 2592 2772 2651 de
2817 2602 3008 2653 cetero
3034 2632 3269 2653 ......
3298 2610 3404 2649 nec
3429 2591 3585 2669 ipsos
3622 2590 3720 2651 vel

937 2692 1198 2750 homines
1219 2711 1354 2750 suos
1380 2691 1605 2769 injuste
1622 2693 1849 2750 vexabo
1875 2692 1972 2751 vel
2010 2693 2163 2752 male
2190 2694 2455 2752 tractabo
2483 2702 2543 2753 et
2570 2694 2621 2752 si
2657 2691 2803 2771 quid
2825 2713 2919 2752 me
2945 2692 3135 2752 invito
3160 2693 3266 2752 vel.
3281 2692 3590 2770 ignorante
3614 2712 3718 2771 per

938 2794 1192 2869 aliquem
1225 2791 1296 2849 de
1339 2791 1482 2850 meis
1517 2791 1632 2868 ipsi
1657 2792 1754 2850 vel
1785 2791 1964 2849 alicui
2000 2792 2075 2851 de
2114 2793 2238 2851 suis
2264 2793 2448 2851 fuerit
2482 2793 2623 2850 foris
2650 2793 2873 2850 factum
2901 2793 3102 2851 statim
3130 2791 3450 2850 secundum
3476 2791 3721 2850 formam

891 2939 900 2946 .
937 2890 1403 2949 Ecclesiasticam
1455 2889 1664 2947 faciam
1715 2890 1868 2948 illud
1921 2891 2232 2950 emendari.
2327 2892 2410 2949 Et
2452 2891 2502 2950 si
2548 2891 2852 2968 contingat
2890 2910 2983 2949 me
3024 2910 3297 2968 processu
3339 2891 3619 2969 temporis
3656 2891 3720 2949 in

939 2990 1137 3065 aliquo
1176 2997 1379 3048 contra
1399 3007 1636 3066 presens
1679 2989 1966 3066 scriptum
2010 2989 2283 3048 devenire
2309 2990 2402 3047 vel
2430 2989 2502 3048 de
2537 2991 2578 3048 J
2580 3009 2690 3048 ure
2710 2990 3113 3047 Ecclesiastico
3140 2989 3336 3065 aliquo
3362 2989 3531 3048 modo
3558 2989 3721 3048 dero-

940 3107 1078 3164 gare
1131 3087 1288 3145 infra
1342 3086 1488 3145 duos
1529 3106 1753 3145 menses
1795 3095 2105 3166 postquam
2144 3087 2255 3146 hoc
2302 3088 2486 3146 fuerit
2525 3089 2841 3166 probatum
2886 3107 3036 3166 pena
3081 3089 3162 3148 xl.
3203 3091 3522 3148 solidorum
3574 3091 3723 3151 mihi

939 3188 1180 3244 comissa
1206 3205 1312 3263 per
1346 3205 1554 3244 manus
1581 3185 1803 3244 Prelati
1829 3186 1944 3244 mei
1972 3186 2095 3244 sine
2131 3186 2593 3245 contradiccione
2634 3186 2698 3242 in
2729 3206 2875 3244 usus
2920 3187 3085 3245 cedet
3112 3188 3489 3248 Infirmorum
3522 3191 3726 3250 Sancti

941 3288 980 3345 J
985 3285 1229 3344 ohannis
1264 3296 1434 3343 extra
1459 3284 1688 3343 Novam
1703 3285 1946 3344 Portam
1966 3286 2197 3344 Dublin
2224 3307 2329 3345 nec
2356 3286 2575 3344 solucio
2595 3305 2743 3363 pene
2772 3287 3115 3345 ulteriorem
3146 3289 3337 3364 capiet
3363 3288 3723 3348 dilacionem.

943 3387 1026 3446 Et
1061 3386 1124 3442 in
1148 3385 1330 3459 hujus
1359 3385 1444 3441 rei
1471 3384 1873 3442 testimonium
1899 3405 2134 3462 presens
2176 3388 2461 3463 scriptum
2489 3385 2670 3462 sigilli
2706 3385 2822 3444 mei
2861 3387 3184 3444 munimine
3222 3388 3508 3446 roboravi.
3590 3389 3726 3446 Hiis

945 3485 1256 3543 Testibus:
1299 3483 1550 3540 Domino
1586 3484 1652 3541 L.
1682 3485 2136 3562 Archiepiscopo
2167 3487 2409 3545 Dublin.
2492 3487 2744 3546 Domino
2792 3486 2861 3545 G.
2891 3485 2963 3544 de
2999 3487 3258 3555 Turvile‚
3298 3487 3725 3546 Archidiacono

946 3584 1190 3642 Dublin.
1297 3581 1581 3660 Magistro
1628 3583 1723 3641 W.
1771 3583 1844 3642 de
1901 3584 2145 3642 Turvile
2212 3593 2359 3643 tunc
2417 3585 2666 3644 Officiali
2721 3585 2959 3645 Domini
3010 3584 3425 3644 Archidiaconi
3481 3587 3725 3648 Dublin.

945 3685 1196 3745 Domino
1225 3684 1418 3744 Alano
1439 3693 1585 3743 tunc
1606 3686 1838 3744 Decano
1865 3685 1936 3744 de
1957 3685 2239 3745 Swordes.
2268 3687 2349 3744 Et
2369 3686 2575 3745 multis
2596 3685 2781 3746 aliis.”

2082 3865 2242 3945 Poye
2269 3884 2363 3946 52,
2392 3866 2505 3927 line
2530 3886 2585 3944 4.

1067 4048 1373 4109 Nicleolaus
1398 4050 1465 4107 de
1491 4045 2093 4116 Houete.—Nicholas,
2127 4047 2253 4104 said
2278 4055 2341 4104 to
2374 4045 2525 4104 have
2558 4047 2705 4104 been
2731 4044 2835 4103 the
2860 4045 3024 4103 sixth
3046 4045 3202 4103 Lord
3229 4046 3296 4104 of
3314 4043 3553 4105 Howth.
3635 4045 3731 4105 He

952 4171 1132 4210 seems
1157 4159 1222 4208 to
1247 4148 1395 4206 have
1430 4147 1719 4225 possessed
1754 4146 1857 4205 the
1894 4157 2052 4205 want
2085 4148 2153 4205 os
2172 4157 2397 4226 respect
2424 4148 2514 4206 for
2541 4147 2643 4204 the
2678 4148 2877 4226 clergy
2904 4145 3095 4204 which
3120 4167 3238 4205 was
3268 4147 3611 4207 manifested
3648 4149 3731 4230 by

950 4249 1053 4308 the
1087 4244 1252 4305 third
1277 4243 1426 4313 lord‚
1471 4243 1586 4301 and
1611 4251 1674 4300 to
1709 4242 1856 4300 have
1891 4243 2201 4320 oppressed
2236 4243 2413 4313 them,
2452 4252 2558 4301 not
2584 4244 2667 4322 by
2686 4245 2863 4314 force,
2908 4244 3029 4302 like
3063 4242 3155 4302 his
3191 4255 3471 4317 ancestor‚
3506 4247 3622 4305 but
3648 4247 3733 4325 by

949 4351 1077 4406 law.
1157 4345 1221 4404 If
1239 4343 1341 4401 the
1381 4343 1599 4400 former
1639 4341 1899 4400 charters
1925 4362 2079 4401 were
2107 4341 2461 4400 valid—and
2487 4342 2654 4401 there
2690 4342 2825 4400 does
2866 4352 2973 4400 not
3014 4363 3223 4420 appear
3258 4362 3373 4421 any
3398 4361 3600 4402 reason
3640 4343 3733 4402 for

949 4446 1318 4524 questioning
1345 4441 1752 4500 them—these
1787 4442 1948 4522 forty
1974 4443 2173 4500 marks
2201 4463 2353 4502 were
2379 4441 2595 4522 clearly
2622 4441 2894 4500 extorted
2919 4441 3069 4500 from
3110 4441 3217 4501 the
3255 4442 3417 4520 prior
3451 4441 3570 4500 and
3594 4461 3730 4500 con·

3564 4550 3721 4614 vent,
