4295 5410
2218 594 2307 666 32

2079 839 2461 913 XXVIII.

1534 1031 1649 1104 Ἐκ
1679 1033 1859 1101 homo
1893 1028 2116 1102 tersus
2151 1027 2467 1100 tttlzsiam
2502 1024 2749 1108 &aaut
2783 1025 2991 1118 ῆβεῐτί.

1095 1220 1209 1285 ΕΟ
1239 1230 1331 1284 est
1359 1217 1699 1284 convencio
1721 1215 1884 1281 facta
1909 1215 2074 1280 inter
2095 1214 2377 1280 Priorem
2407 1225 2472 1278 et
2492 1226 2869 1279 conventum
2894 1213 3115 1278 domus
3138 1213 3441 1280 Omnium
3468 1213 3656 1281 Sanc-

1136 1339 1340 1390 torum
1383 1324 1572 1408 juxta
1624 1320 1863 1387 Dublin
1914 1345 1998 1386 ex
2049 1334 2224 1408 parte
2271 1343 2398 1386 una
2447 1333 2513 1384 et
2557 1319 2882 1384 dominum
2927 1319 3267 1386 Ricardum
3314 1319 3373 1385 le
3401 1318 3661 1407 Waleys

885 1434 1276 1524 capellanum
1305 1455 1390 1496 ex
1411 1429 1603 1496 altera
1629 1467 1640 1479 -
1666 1427 1962 1494 videlicet
1984 1427 2155 1514 quod
2176 1426 2441 1515 predicti
2460 1427 2641 1491 Prior
2661 1439 2725 1492 et
2745 1439 3088 1492 conventus
3109 1424 3391 1489 unanimi
3415 1448 3661 1490 assensu
3690 1491 3703 1502 ,

885 1555 950 1604 et
978 1537 1238 1603 consilio
1275 1534 1475 1599 tocius
1525 1531 1785 1619 capituli
1834 1529 1931 1596 sui
1974 1543 2409 1596 concesserunt
2458 1546 2523 1594 et
2572 1531 2653 1595 ad
2682 1529 2925 1594 firmam
2964 1530 3354 1595 tradiderunt
3381 1531 3662 1618 predicto

888 1644 1160 1710 Ricardo
1190 1641 1502 1727 quandam
1533 1654 1757 1704 terram
1787 1663 1962 1704 suam
2001 1662 2147 1704 cum
2199 1638 2463 1704 edificiis
2508 1652 2574 1703 et
2624 1637 3028 1726 pertinenciis
3074 1637 3199 1703 suis
3248 1638 3317 1702 in
3367 1638 3663 1703 suburbio

887 1749 1132 1815 Dublin
1161 1748 1230 1812 in
1273 1746 1566 1835 parochia
1611 1745 1824 1811 Sancti
1856 1745 2028 1809 Petri
2067 1745 2145 1810 de
2188 1745 2251 1810 la
2280 1743 2493 1810 Hulle.
2526 1758 2590 1808 et
2608 1744 2781 1830 jacet
2807 1744 2972 1809 inter
3015 1758 3241 1810 terram
3270 1743 3553 1832 Philippi
3583 1743 3663 1809 de

889 1856 1324 1920 Asscheborne
1356 1876 1439 1917 ex
1470 1866 1642 1940 parte
1673 1875 1798 1916 una
1843 1863 1909 1914 et
1938 1864 2163 1914 terram
2196 1849 2359 1937 Elye
2390 1849 2469 1914 de
2508 1849 2943 1915 Asscheborne
2989 1874 3073 1914 ex
3112 1865 3287 1937 parte
3334 1848 3525 1915 altera
3556 1887 3569 1899 ·
3601 1864 3665 1915 et

887 1958 1179 2026 extendit
1207 1983 1270 2022 se
1309 1959 1376 2022 in
1404 1957 1800 2044 longitudine
1845 1981 1882 2022 a
1927 1957 2120 2044 regali
2150 1955 2255 2021 via
2300 1957 2571 2022 anterius
2607 1982 2804 2044 usque
2834 1959 2913 2022 ad
2941 1973 3167 2022 terram
3194 1957 3351 2023 dicti
3382 1956 3665 2044 Philippi

889 2064 1196 2154 posterius
1226 2076 1289 2129 et
1317 2062 1598 2128 continet
1626 2061 1898 2126 anterius
1927 2060 1994 2124 in
2022 2060 2354 2125 latitudine
2384 2061 2640 2148 triginta
2669 2077 2735 2127 et
2769 2087 2882 2127 sex
2910 2063 3100 2150 pedes
3133 2101 3146 2114 ·
3178 2063 3245 2126 in
3275 2063 3483 2128 medio
3513 2087 3663 2149 qua-

899 2169 1187 2258 draginta
1215 2183 1280 2234 et
1307 2192 1506 2233 unum
1536 2168 1760 2255 pedem
1789 2167 2094 2255 posterius
2123 2192 2272 2233 vero
2304 2169 2716 2258 quadraginta
2743 2183 2807 2234 et
2835 2193 2948 2235 sex
2977 2169 3165 2256 pedes
3200 2207 3212 2220 ·
3242 2170 3574 2235 tenendam
3605 2183 3669 2233 et

888 2273 1240 2340 habendam
1264 2272 1496 2337 dictam
1518 2287 1744 2336 terram
1767 2295 1910 2336 cum
1933 2270 2195 2336 edificiis
2218 2286 2283 2336 et
2303 2272 2702 2358 pertinenciis
2724 2273 2850 2340 suis
2872 2274 3107 2361 prefato
3126 2274 3379 2339 domino
3399 2274 3667 2340 Ricardo

889 2380 1225 2446 heredibus
1256 2393 1320 2444 et
1349 2377 1673 2465 assignatis
1701 2377 1826 2442 suis
1856 2377 1934 2442 de
1963 2377 2260 2464 predictis
2292 2377 2506 2443 Priore
2537 2394 2600 2444 et
2628 2395 2943 2446 conventu
2970 2394 3035 2445 et
3062 2404 3277 2445 eorum
3307 2381 3666 2446 successori-

890 2489 1008 2552 bus
1042 2510 1078 2550 a
1104 2484 1259 2550 festo
1289 2483 1527 2549 Pasche
1557 2507 1719 2548 anno
1749 2482 2014 2547 Domini
2043 2482 2377 2548 millesimo
2414 2484 2833 2550 tricentesimo
2872 2485 3184 2552 tricesimo
3213 2486 3433 2572 quinto
3472 2510 3667 2572 usque

889 2593 970 2658 ad
998 2591 1188 2657 finem
1219 2590 1434 2655 decem
1466 2611 1772 2653 annorum
1803 2587 2091 2675 proxime
2121 2589 2645 2673 subsequencium
2674 2589 2858 2677 plene
2886 2591 3357 2678 completorum.

1021 2695 1371 2764 Reddendo
1399 2695 1547 2761 inde
1579 2693 1900 2761 annuatim
1929 2693 2112 2761 dictis
2143 2695 2348 2760 Priori
2378 2709 2442 2761 et
2480 2695 2819 2762 conventui
2847 2711 2912 2763 et
2960 2723 3176 2764 eorum
3219 2700 3667 2767 successoribus

891 2806 1095 2872 dictus
1117 2802 1407 2869 dominus
1430 2801 1734 2867 Ricardus
1751 2800 2008 2866 heredes
2038 2825 2146 2865 seu
2172 2801 2464 2889 assignati
2486 2804 2583 2867 sui
2606 2817 2746 2869 octo
2776 2803 3003 2869 solidos
3032 2806 3273 2895 argenti
3296 2806 3375 2871 ad
3405 2820 3669 2893 quatuor

893 2915 1041 2980 anni
1069 2912 1366 2978 terminos
1399 2949 1412 2962 ·
1445 2909 1741 2975 videlicet
1770 2909 1850 2974 ad
1879 2908 2104 2975 festum
2133 2909 2197 2973 N
2200 2910 2499 2975 ativitat-is
2542 2910 2756 2977 Sancti
2796 2911 3104 2977 «Iohannis
3133 2911 3413 2999 Baptiste
3444 2912 3523 2977 ad
3552 2910 3669 2977 fes-

894 3034 1030 3086 tum
1065 3018 1276 3085 Sancti
1307 3014 1639 3082 Michaelis
1669 3013 1750 3079 ad
1776 3012 2002 3078 festum
2019 3012 2261 3078 Natalis
2283 3012 2545 3078 Domini
2574 3026 2639 3078 et
2668 3013 2747 3079 ad
2768 3012 2993 3078 festum
3016 3014 3253 3079 Pasche
3284 3038 3395 3102 per
3422 3015 3671 3100 equales

893 3126 1217 3217 porciones
1245 3149 1359 3213 pro
1390 3123 1560 3188 omni
1611 3122 1870 3188 servicio
1921 3122 2251 3189 exactione
2298 3134 2363 3187 et
2392 3122 2698 3187 demanda
2742 3122 3023 3187 seculari.
3111 3122 3187 3186 In
3218 3122 3341 3188 fine
3370 3146 3519 3187 vero
3548 3136 3669 3188 ter-

893 3232 1052 3299 mini
1084 3230 1351 3320 predicti
1371 3228 1687 3318 predictus
1715 3228 2004 3293 dominus
2035 3227 2341 3293 Ricardus
2370 3227 2627 3293 heredes
2655 3228 2758 3293 vel
2787 3228 3079 3316 assignati
3108 3227 3204 3292 sui
3233 3229 3512 3317 predicta
3539 3228 3671 3294 edi-

895 3340 1039 3406 ficia
1067 3338 1134 3403 in
1163 3350 1325 3403 statu
1353 3334 1731 3423 competenti
1759 3333 2110 3420 relinquere
2154 3334 2402 3401 debent.
2491 3336 2665 3401 Dicti
2695 3337 2894 3403 eciam
2924 3337 3105 3403 Prior
3132 3354 3196 3403 et
3223 3352 3566 3405 conventus
3609 3354 3675 3404 et

898 3468 1274 3510 successores
1325 3442 1421 3507 sui
1469 3441 1698 3506 dictam
1749 3454 1975 3507 terram
2034 3467 2179 3507 cum
2230 3443 2631 3530 pertinenciis
2680 3445 2842 3510 sicut
2890 3445 3243 3533 predictum
3293 3460 3385 3512 est
3435 3446 3673 3534 prefato

900 3550 1154 3616 domino
1184 3546 1455 3613 Ricardo
1472 3544 1805 3611 heredibus
1834 3557 1898 3610 et
1927 3543 2249 3634 assignatis
2278 3546 2403 3610 suis
2432 3568 2546 3633 pro
2569 3546 2849 3633 predicto
2878 3548 3127 3613 redditu
3157 3573 3352 3635 usque
3382 3550 3462 3614 ad
3484 3549 3673 3615 finem

899 3656 1052 3722 dicti
1083 3654 1332 3721 termini
1379 3666 1593 3719 contra
1643 3676 1856 3718 omnes
1899 3666 2115 3740 gentes
2160 3655 2696 3722 warentizabimus
2742 3656 3231 3742 acquietabimus
3268 3670 3333 3723 et
3378 3656 3674 3723 defende-

901 3786 1058 3827 mus.
1147 3762 1225 3825 In
1254 3760 1433 3845 cujus
1461 3758 1551 3823 rei
1580 3756 2006 3822 testimonium
2035 3756 2311 3845 sigillum
2340 3782 2671 3825 commune
2702 3758 3008 3825 dictorum
3040 3761 3272 3826 Prioris
3312 3775 3376 3826 et
3401 3785 3674 3831 conven-

901 3884 1002 3935 tus
1031 3885 1095 3935 et
1123 3867 1400 3957 sigillum
1429 3865 1696 3954 predicti
1727 3866 1965 3931 domini
1996 3866 2251 3931 Ricardi
2280 3866 2402 3931 hiis
2429 3867 2665 3932 mutuis
2700 3867 2943 3955 scriptis
2972 3867 3322 3934 alternatim
3352 3892 3676 3956 apponun-

902 3988 1023 4039 tur.
1112 3972 1258 4037 Hiis
1287 3972 1548 4039 testibus
1580 4012 1591 4024 ·
1625 3972 1922 4061 magistro
1950 3972 2275 4038 Willelmo
2305 3973 2542 4039 Bocdif
2568 3988 2720 4040 tunc
2764 3975 2997 4060 majore
3028 3974 3273 4041 Dublin
3306 4013 3318 4026 ·
3350 3974 3675 4041 Willelmo

901 4078 1322 4168 Wythirtoun
1361 4091 1425 4143 et
1472 4078 1719 4166 Rogero
1751 4078 2130 4144 Grantcourt
2182 4091 2332 4144 tunc
2376 4080 2704 4167 prepositis
2737 4118 2749 4131 ·
2783 4079 3052 4147 Ricardo
3082 4080 3161 4146 de
3196 4080 3486 4169 Swerdys
3518 4119 3532 4132 ·
3562 4081 3607 4146 J
3609 4105 3675 4146 o-

903 4187 1112 4251 hanne
1134 4185 1354 4250 Callan
1381 4222 1394 4235 ·
1418 4184 1710 4249 «Iohanne
1729 4183 1885 4248 Crih
1907 4220 1920 4235 ·
1940 4182 2177 4271 Egidio
2195 4181 2273 4247 de
2297 4167 2690 4250 Baldiswelle
2712 4223 2725 4235 ·
2746 4185 2995 4273 Rogero
3019 4186 3097 4251 de
3111 4186 3417 4273 Kyldaria
3436 4200 3501 4251 et
3522 4186 3675 4258 aliis,

901 4292 1140 4355 Datum
1170 4289 1414 4354 Dublin
1444 4288 1548 4353 die
1578 4288 1890 4353 dominica
1919 4287 2209 4375 proxima
2238 4300 2378 4375 post
2420 4286 2647 4353 festum
2679 4288 2893 4356 Sancti
2926 4288 3257 4357 Michaelis
3284 4290 3677 4381 Archangeli

905 4421 1068 4465 anno
1099 4394 1359 4461 Domini
1388 4394 1720 4460 millesimo
1749 4418 1857 4461 ccc
1885 4393 2321 4481 tricesimoque
2352 4407 2589 4479 quarto,

3407 4483 3672 4551 XXIX.
