4295 5410
1442 1441 2393 1547 REGISTRUM

871 1744 1480 1839 ECCLESIE
1563 1741 2090 1835 OMNIUM
2172 1736 2944 1835 SANCTORUM

1502 2020 1865 2097 JUXTA
1913 2020 2325 2098 DUBLIN.

1890 2554 1946 2626 1.

532 2751 962 2829 confirmatio
985 2746 1282 2839 &tegorii
1307 2740 1739 2836 spiritualium
1773 2755 1831 2815 tt
1857 2739 2291 2834 temporalium
2325 2758 2465 2812 tum
2499 2740 2676 2815 tertis
2703 2734 3036 2832 pribiltgiis
3063 2746 3119 2805 tt
3145 2733 3299 2806 aliis

529 2868 1063 2946 immunitatibus.

807 3132 814 3142 '
904 3130 924 3176 ἰ
979 3100 1189 3224 :fs-*2235
1245 3126 1499 3192 ecclesie
1530 3125 1836 3192 Omnium
1869 3127 2240 3194 Sanctorum
2270 3127 2349 3193 de
2378 3126 2624 3191 Dublin
2669 3123 3070 3210 ejusdemque
3099 3124 3301 3189 fratri-

1139 3214 1169 3307 Ῑῗ
1245 3234 1357 3294 bus
1391 3250 1516 3296 tam
1539 3234 1926 3321 presentibus
1948 3259 2135 3321 quam
2166 3233 2390 3299 futuris
2428 3233 2774 3322 regularem
2802 3230 2996 3296 vitam
3018 3231 3303 3319 professis

1247 3338 1309 3401 in
1343 3353 1732 3426 perpetuum.
1821 3338 2135 3418 Quociens
2179 3363 2217 3402 a
2258 3336 2438 3402 nobis
2469 3336 2702 3423 petitur
2730 3334 2899 3420 quod
2920 3332 3211 3422 religioni
3242 3350 3306 3400 et

1249 3441 1287 3501 h
1297 3465 1439 3503 οη(
1417 3439 1556 3504 tati
1585 3439 1918 3505 convenire
1948 3439 2293 3505 dinoscitur
2322 3440 2530 3505 animo
2559 3462 2671 3503 nos
2700 3438 2879 3503 decet
2909 3437 3131 3504 libenti
3160 3464 3306 3506 con-

1023 3527 1031 3533 *
1073 3610 1109 3618 ,,
1157 3523 1181 3557 ⁵*
1249 3547 1465 3611 cedere
1497 3570 1568 3610 ac
1590 3544 1946 3633 petencium
1966 3546 2289 3611 desiderils
2318 3568 2665 3634 congruum
2694 3543 3095 3632 suffragium
3079 3569 3307 3632 imper-

948 3643 968 3672 ”’
1064 3639 1121 3661 ⁷
1147 3667 1151 3672 '
1247 3651 1369 3716 tiri.
1457 3651 1556 3716 Ea
1582 3665 1836 3739 propter
1864 3650 2125 3717 dilecti
2107 3675 2176 3714 m
2206 3649 2461 3714 domino
2489 3647 2603 3713 filii
2633 3646 2852 3713 vestris
2871 3647 3058 3733 justis
3095 3664 3305 3735 postu-

531 3757 876 3825 lacionibus
905 3756 1242 3822 clementer
1269 3756 1601 3822 annuimus
1631 3772 1694 3823 et
1721 3758 2044 3823 ecclesiam
2074 3757 2378 3822 Omnium
2406 3757 2774 3824 Sanctorum
2804 3758 2883 3823 de
2914 3758 3205 3823 Dublin·
3238 3759 3307 3823 in

533 3889 655 3951 qua
675 3863 894 3928 divino
923 3861 1259 3950 mancipati
1281 3863 1426 3928 estis
1455 3863 1753 3949 obsequio
1786 3901 1799 3914 ·
1831 3865 1946 3930 sub
1976 3862 2142 3929 beati
2164 3862 2337 3929 Petri
2355 3878 2419 3929 et
2446 3876 2655 3928 nostra
2682 3863 3068 3951 protectione
3106 3888 3307 3931 susce-

532 3971 738 4059 pimus
765 3983 828 4035 et
859 3968 1160 4056 presentis
1187 3968 1402 4056 scripti
1422 3968 1757 4057 privilegio
1785 3969 2263 4035 communimus.
2351 3969 2429 4033 In
2451 3968 2668 4057 primis
2696 3969 3006 4056 siquidem
3035 3985 3307 4037 statuen-

533 4091 625 4142 tes
646 4090 718 4140 ut
734 4074 885 4140 ordo
914 4074 1250 4140 canonicus
1280 4112 1296 4126 ·
1330 4074 1438 4161 qui
1457 4076 1802 4141 secundum
1825 4075 2036 4141 Deum
2060 4091 2125 4141 et
2143 4075 2314 4142 beati
2334 4074 2682 4162 Augustini
2706 4076 2986 4165 regulam
3003 4076 3071 4141 in
3093 4077 3308 4142 eadem

533 4179 792 4248 ecclesia
832 4179 1156 4245 institutus
1201 4203 1332 4246 esse
1377 4180 1722 4247 dinoscitur
1751 4218 1766 4233 ·
1797 4181 2116 4269 perpetuis
2154 4181 2391 4247 ibidem
2430 4181 2816 4269 temporibus
2864 4181 3311 4247 inviolabiliter

533 4289 910 4355 observetur.

661 4393 956 4457 Preterea
984 4413 1405 4476 quascumque
1435 4389 1845 4479 possessiones
1876 4414 2270 4477 quecumque
2300 4391 2468 4458 bona
2511 4390 2729 4457 eadem
2776 4391 3035 4458 ecclesia
3070 4393 3135 4458 in
3174 4419 3310 4483 pre-

614 4519 799 4565 uusn
830 4518 1022 4563 Aaou.
1053 4518 1180 4564 soc.
1221 4520 1315 4565 ιο.
1889 4499 1946 4564 Β
2963 4502 3308 4567 senciamm
