4295 5410
1950 621 2038 692 25

1837 887 2136 960 XVIH.

1374 1073 1578 1147 Θῆτα
1615 1073 1682 1146 in
1718 1075 2006 1165 patntbia
2042 1073 2289 1158 &mitti
2324 1074 2595 1149 Quom.

729 1264 918 1330 Oiant
944 1274 1256 1350 presentes
1293 1275 1358 1326 et
1383 1260 1582 1326 futuri
1612 1261 1782 1347 quod
1811 1285 1928 1350 ego
1959 1260 2383 1350 Baldewynus
2413 1261 2645 1327 Geram
2675 1260 2822 1327 dedi
2861 1261 3133 1326 concessi
3163 1276 3227 1326 et
3252 1262 3370 1327 hac

769 1368 1042 1458 presenti
1087 1381 1256 1434 carta
1300 1391 1440 1432 mea
1485 1367 1848 1433 confirmavi
1878 1367 2019 1432 Deo
2065 1380 2130 1433 et
2178 1367 2393 1432 domui
2434 1367 2739 1433 Omnium
2778 1367 3147 1433 Sanctorum
3183 1368 3375 1453 juxta

597 1476 842 1544 Dublin
871 1489 935 1541 et
962 1474 1278 1541 canonicis
1305 1474 1542 1540 ibidem
1575 1474 1714 1540 Deo
1743 1474 2162 1540 servientibus
2195 1513 2208 1526 ·
2240 1499 2353 1563 pro
2384 1475 2581 1541 salute
2612 1474 2817 1540 anime
2849 1497 2987 1539 mee
3016 1474 3085 1538 in
3115 1472 3375 1540 liberam

597 1599 662 1650 et
681 1598 1046 1671 perpetuam
1075 1582 1474 1648 elemosinam
1498 1583 1812 1669 quandam
1835 1597 2060 1648 terram
2083 1606 2291 1648 meam
2308 1583 2377 1647 in
2406 1582 2707 1649 suburbio
2725 1582 2971 1647 Dublin
2992 1581 3061 1646 in
3082 1579 3377 1668 parochia

601 1690 814 1757 Sancti
843 1690 1101 1756 Andree
1134 1729 1147 1742 ·
1179 1690 1353 1756 illam
1399 1690 1696 1756 videlicet
1741 1715 1864 1776 que
1895 1692 2068 1776 jacet
2105 1691 2272 1756 inter
2316 1704 2544 1756 terram
2588 1689 2858 1756 Walteri
2910 1689 3265 1777 Kingesson
3310 1701 3374 1752 et

592 1809 822 1862 terram
850 1819 1055 1860 meam
1083 1808 1148 1861 et
1175 1795 1455 1862 continet
1474 1796 1543 1860 in
1573 1796 1905 1862 latitudine
1935 1797 2177 1863 sexcies
2205 1797 2437 1886 viginti
2466 1812 2531 1863 et
2559 1797 2778 1862 decem
2806 1796 2996 1884 pedes
3029 1833 3042 1847 ·
3073 1797 3141 1860 in
3169 1794 3373 1882 longi-

595 1901 815 1966 tudine
855 1899 1145 1966 extendit
1172 1899 1410 1964 sexcies
1439 1898 1670 1987 viginti
1699 1914 1763 1965 et
1792 1901 2008 1966 decem
2037 1902 2229 1988 pedes
2262 1940 2275 1953 ·
2307 1902 2659 1968 habendam
2688 1915 2753 1968 et
2781 1903 3113 1968 tenendam
3144 1902 3375 1968 dictam

596 2021 822 2074 terram
852 2031 998 2072 cum
1027 2005 1289 2071 edificiis
1319 2005 1444 2070 suis
1466 2023 1530 2071 et
1552 2007 1841 2072 omnibus
1869 2007 2273 2095 pertinenciis
2301 2008 2419 2074 sibi
2449 2023 2514 2074 et
2534 2010 2983 2076 successoribus
3012 2009 3138 2074 suis
3168 2008 3248 2073 de
3274 2032 3377 2086 me

598 2127 661 2179 et
681 2114 1016 2179 heredibus
1043 2113 1200 2178 meis
1222 2112 1416 2179 libere
1446 2124 1511 2178 et
1539 2115 1750 2199 quiete
1779 2114 2020 2202 integre
2051 2128 2115 2180 et
2143 2115 2420 2203 plenarie
2455 2154 2468 2167 ·
2500 2115 2849 2180 Reddendo
2877 2114 3026 2180 inde
3056 2113 3377 2180 annuatim

597 2221 718 2310 ipsi
747 2235 812 2286 et
839 2244 1212 2286 successores
1241 2220 1338 2285 sui
1358 2219 1554 2287 michi
1585 2234 1650 2286 et
1677 2221 2012 2287 heredibus
2041 2223 2197 2287 meis
2226 2247 2423 2287 unum
2453 2245 2565 2310 par
2594 2220 2873 2287 albarum
2903 2220 3378 2308 cyrothecarum

599 2330 704 2396 vel
723 2354 921 2394 unum
951 2329 1278 2394 denarium
1308 2328 1387 2394 ad
1418 2330 1659 2394 Pascha
1683 2367 1698 2382 ·
1722 2343 1787 2394 et
1814 2328 2139 2394 Willelmo
2165 2328 2353 2394 Colet'
2368 2342 2433 2394 et
2459 2327 2793 2393 heredibus
2822 2326 2949 2391 suis
2976 2325 3080 2391 vel
3108 2325 3379 2412 assigna÷

595 2436 676 2501 tis
705 2461 818 2502 sex
837 2434 1120 2500 denarios
1149 2436 1229 2500 ad
1259 2435 1414 2499 duos
1444 2435 1740 2501 terminos
1769 2435 1916 2500 anni
1944 2473 1956 2487 ·
1983 2435 2383 2501 medietatem
2407 2434 2487 2499 ad
2509 2435 2750 2500 Pascha
2771 2447 2835 2499 et
2857 2433 3112 2498 alteram
3140 2432 3373 2497 medie-

599 2555 791 2608 tatem
822 2543 902 2609 ad
929 2542 1155 2608 festum
1179 2543 1392 2609 Sancti
1423 2543 1757 2610 Michaelis
1785 2567 1900 2632 pro
1931 2543 2102 2608 omni
2131 2543 2393 2608 servicio
2423 2541 2752 2607 exactione
2782 2555 2845 2606 et
2874 2539 3180 2605 demanda
3204 2562 3377 2604 secu-

601 2646 715 2713 lari
745 2648 1051 2732 rebusque
1081 2644 1342 2712 cunctis.

727 2754 872 2841 Ego
901 2776 1048 2819 vero
1078 2752 1504 2840 Baldewynus
1542 2764 1607 2817 et
1633 2752 1894 2819 heredes
1922 2752 2049 2818 mei
2079 2753 2424 2841 predictam
2453 2766 2681 2821 terram
2720 2754 2882 2821 sicut
2908 2755 3261 2843 predictum
3290 2770 3383 2823 est

599 2860 852 2949 prefatis
879 2860 1193 2927 canonicis
1220 2874 1286 2927 et
1313 2884 1531 2926 eorum
1570 2862 2021 2927 successoribus
2060 2875 2277 2928 contra
2306 2885 2518 2928 omnes
2547 2863 2831 2928 homines
2868 2876 2932 2929 et
2958 2862 3218 2929 feminas
3245 2863 3377 2952 ple-

601 2964 774 3029 narie
802 2965 1340 3031 warentizabimus
1367 2966 1436 3031 in
1457 2980 1850 3054 perpetuum.
1939 2968 2028 3033 Et
2046 2982 2120 3033 ut
2139 2969 2258 3034 1160
2281 2992 2421 3035 mea
2442 2969 2703 3035 donacio
2733 2970 3044 3035 concessio
3073 2982 3137 3035 et
3158 2971 3379 3036 confir-

600 3070 804 3136 macio
833 3071 1012 3137 firma
1056 3084 1120 3138 et
1159 3073 1394 3139 stabilis
1426 3090 1788 3161 permaneat
1822 3077 1892 3140 in
1938 3091 2311 3164 perpetuum
2347 3091 2698 3165 presentem
2743 3091 2975 3143 cartam
3021 3078 3210 3167 sigilli
3255 3080 3383 3157 mei

600 3175 1002 3264 impressione
1031 3181 1336 3245 roboravi.
1427 3181 1573 3247 Hiis
1601 3184 1862 3251 testibus
1889 3223 1901 3236 ·
1927 3184 2200 3251 Ricardo
2224 3185 2383 3251 Olof
2401 3200 2552 3251 tunc
2575 3186 2807 3271 majore
2832 3186 3077 3252 Dublin
3099 3226 3110 3237 ·
3134 3186 3382 3253 Thoma

602 3284 680 3349 de
709 3284 1155 3373 Wynchestria
1187 3326 1199 3339 ·
1233 3288 1482 3377 Rogero
1531 3291 1610 3356 de
1651 3292 2004 3359 Asseborne
2041 3306 2196 3359 tunc
2242 3294 2571 3381 prepositis
2598 3333 2609 3344 ·
2633 3293 2779 3358 Elia
2810 3292 3003 3358 Burel
3035 3331 3048 3344 ·
3081 3293 3381 3381 Philippo

605 3386 683 3453 de
713 3388 830 3454 Bel
863 3429 876 3442 ·
909 3390 1246 3480 Radulpho
1293 3392 1372 3457 de
1419 3394 1798 3461 Lincolnia'·
1831 3397 2020 3462 Petro
2064 3398 2347 3463 Abraam
2380 3437 2392 3450 ·
2424 3398 2751 3465 Willelmo
2803 3399 3029 3467 clerico
3067 3400 3341 3466 civitatis
3378 3441 3391 3453 ·

607 3496 942 3587 Radulpho
973 3500 1052 3565 de
1087 3500 1346 3590 Strigoil
1373 3514 1439 3568 et
1466 3503 1680 3569 multis
1711 3504 1863 3570 aliis.

1882 3815 2103 3889 XIX.

1656 4002 1747 4075 1¹1
1783 4004 1990 4075 tantm
2026 4000 2335 4092 pamma.

739 4184 927 4251 Ciant
970 4198 1286 4273 presentes
1331 4200 1396 4258 et
1423 4186 1620 4253 futuri
1660 4186 1831 4275 quod
1875 4212 1994 4277 ego
2022 4188 2067 4255 J
2069 4189 2347 4253 ohannes
2378 4186 2672 4276 Thurgot
2700 4187 2847 4254 dedi
2875 4188 3147 4254 concessi
3178 4201 3241 4253 et
3268 4187 3385 4254 hac

779 4292 1051 4380 presenti
1096 4306 1264 4361 carta
1313 4317 1453 4361 mea
1495 4294 1862 4361 confirmavi
1907 4295 2047 4361 Deo
2086 4309 2152 4361 et
2199 4293 2415 4360 domui
2446 4292 2753 4359 Omnium
2786 4294 3155 4361 Sanctorum
3192 4295 3387 4381 juxta

606 4397 848 4464 Dublin
877 4412 942 4463 et
963 4399 1274 4465 canonicis
1302 4400 1542 4467 ibidem
1570 4402 1711 4469 Deo
1740 4401 2154 4470 servientibus
2188 4439 2201 4453 ·
2232 4424 2347 4489 pro
2386 4400 2583 4467 salute
2624 4402 2829 4467 anime
2857 4425 2995 4469 mee
3024 4414 3090 4468 et
3117 4416 3387 4467 anteces-

635 4576 642 4583 ,
692 4522 875 4569 1121811
905 4522 1098 4569 Aaou.
1131 4522 1259 4569 soc.
1303 4526 1394 4569 10.
1977 4506 2036 4571 E
3176 4532 3384 4573 sorum
