4295 5410
2261 618 2354 712 36

2108 886 2491 960 XXXIII.

1167 1071 1256 1144 δῖα
1290 1071 1579 1163 parochia
1613 1069 1865 1156 aeautte
1899 1071 2271 1164 werham
2308 1075 2379 1148 {11
2409 1075 2535 1148 him
2571 1071 2807 1150 &astri
2840 1094 2905 1149 εκ
2938 1087 3111 1168 pam
3146 1076 3447 1151 australi.

1129 1261 1244 1328 EC
1273 1261 1613 1326 dividenda
1631 1271 1890 1326 testatur
1907 1261 2077 1347 quod
2097 1286 2211 1328 nos
2233 1262 2414 1328 Prior
2435 1275 2500 1328 et
2520 1276 2864 1330 conventus
2894 1263 3151 1330 ecclesie
3174 1265 3480 1331 Omnium
3506 1264 3695 1332 Sanc-

1167 1380 1400 1431 torum·
1411 1367 1602 1451 juxta
1630 1366 1876 1433 Dublin
1917 1368 2317 1434 concedimus
2360 1382 2425 1435 et
2459 1369 2539 1435 ad
2576 1369 2821 1435 firmam
2866 1371 3167 1436 tradimus
3195 1370 3523 1437 Willelmo
3552 1370 3696 1436 Foil

919 1473 1046 1537 civi
1075 1485 1139 1537 et
1166 1473 1492 1537 mercatori
1516 1472 1760 1538 Dublin
1790 1473 2102 1559 quandam
2130 1474 2409 1561 placeam
2438 1489 2709 1541 nostram
2738 1474 2899 1542 infra
2926 1500 3134 1541 muros
3163 1477 3433 1543 civitatis
3452 1477 3699 1543 Dublin

925 1578 994 1641 in
1044 1578 1185 1643 vico
1231 1577 1414 1644 castri
1460 1577 1528 1642 in
1573 1578 1867 1666 parochia
1916 1579 2216 1646 videlicet
2260 1581 2517 1648 ecclesie
2568 1581 2795 1648 Sancte
2823 1582 3178 1671 Werburge
3230 1583 3309 1648 ad
3358 1583 3697 1649 terminum

923 1683 1335 1772 quadraginta
1382 1707 1686 1748 annorum
1721 1723 1732 1736 ·
1764 1685 2032 1750 termino
2071 1685 2414 1774 incipiente
2456 1687 2526 1752 in
2568 1687 2723 1754 festo
2752 1687 3115 1754 Nativitatis
3149 1688 3362 1755 Sancti
3376 1683 3698 1755 'Johannis

923 1790 1206 1878 Baptiste
1257 1813 1420 1854 anno
1468 1789 1728 1854 Domini
1785 1790 2117 1857 millesimo
2174 1817 2283 1859 ccc
2341 1794 2812 1882 quadragesimo
2871 1795 3135 1882 septimo
3177 1834 3190 1845 ·
3229 1794 3582 1861 habendam
3634 1811 3699 1862 et

919 1898 1253 1964 tenendam
1282 1897 1519 1985 prefato
1547 1898 1872 1964 Willelmo
1901 1899 2237 1968 heredibus
2278 1915 2343 1967 et
2392 1901 2715 1990 assignatis
2758 1902 2883 1968 suis
2932 1901 3278 1990 predictam
3306 1903 3586 1990 placeam
3616 1903 3695 1969 de

919 2004 1098 2069 nobis
1149 2017 1214 2069 et
1257 2003 1706 2070 successoribus
1754 2004 1979 2070 nostris
2008 2006 2219 2090 quiete
2248 2007 2409 2072 bene
2437 2020 2502 2072 et
2528 2006 2597 2070 in
2624 2029 2778 2093 pace
2816 2031 3012 2093 usque
3052 2007 3133 2072 ad
3158 2007 3355 2072 finem
3386 2008 3695 2074 dictorum

921 2108 1329 2196 quadraginta
1357 2132 1661 2174 annorum
1690 2111 1985 2178 continue
2007 2113 2411 2198 sequencium
2431 2113 2706 2201 plenarie
2730 2114 3259 2202 complendorum.
3347 2114 3695 2181 Reddendo

917 2216 1066 2280 inde
1113 2217 1434 2282 annuatim
1463 2217 1617 2282 dicti
1646 2217 2006 2284 Willelmus
2034 2219 2293 2286 heredes
2341 2231 2407 2286 et
2446 2220 2739 2309 assignati
2777 2221 2875 2286 sui
2918 2220 3098 2285 nobis
3144 2234 3209 2286 et
3246 2221 3697 2288 successoribus

917 2322 1140 2387 nostris
1169 2324 1446 2410 quinque
1490 2324 1718 2389 solidos
1747 2325 1989 2413 argenti
2018 2325 2099 2392 ad
2127 2326 2283 2392 duos
2324 2327 2472 2391 anni
2500 2326 2798 2392 terminos
2830 2365 2843 2377 ·
2874 2326 3274 2392 medietatem
3304 2327 3600 2392 videlicet
3626 2327 3695 2392 in

915 2428 1069 2493 festo
1098 2428 1338 2494 Natalis
1368 2430 1629 2495 Domini
1677 2443 1741 2496 et
1786 2433 1972 2498 aliam
2021 2433 2421 2500 medietatem
2459 2435 2528 2499 in
2562 2435 2723 2499 festo
2750 2433 2813 2497 N
2815 2433 3113 2498 ativitatis
3148 2432 3359 2498 Sancti
3388 2432 3433 2497 J
3434 2432 3695 2498 ohannis

915 2538 1194 2625 Baptiste
1224 2539 1486 2604 durante
1525 2539 1792 2604 termino
1831 2540 2185 2627 supradicto
2221 2579 2232 2590 ·
2266 2563 2388 2625 que
2419 2538 2675 2624 quidem
2713 2538 2928 2626 placea
2952 2538 3119 2624 jacet
3156 2538 3225 2602 in
3265 2537 3597 2603 latitudine
3624 2539 3691 2602 in

911 2659 1085 2733 parte
1109 2647 1400 2712 anteriori
1428 2647 1592 2713 inter
1620 2659 2047 2713 tenementum
2074 2647 2299 2737 prefati
2327 2646 2639 2713 Willelmi
2668 2669 2881 2713 versus
2928 2643 3317 2711 occidentem
3359 2658 3424 2711 et
3450 2644 3693 2711 celdam

911 2764 1183 2816 nostram
1207 2774 1394 2836 quam
1419 2751 1919 2840 recuperavimus
1948 2751 2028 2817 de
2051 2752 2320 2818 Ricardo
2344 2751 2625 2839 Ponteys
2653 2774 2866 2817 versus
2894 2752 3196 2817 orientem
3227 2764 3291 2816 et
3318 2753 3597 2819 continet
3624 2752 3692 2817 in

911 2866 1086 2941 parte
1126 2854 1418 2921 anteriori
1445 2854 1514 2919 in
1541 2854 1874 2921 latitudine
1911 2855 2139 2943 viginti
2178 2868 2244 2921 et
2279 2880 2479 2921 unum
2524 2856 2751 2944 pedem
2785 2895 2798 2907 ·
2828 2857 2899 2921 in
2935 2857 3144 2922 medio
3182 2858 3442 2946 triginta
3475 2871 3541 2924 et
3577 2882 3690 2925 sex

911 2961 1102 3048 pedes
1145 2960 1448 3048 posterius
1477 2984 1626 3025 vero
1669 2961 1951 3026 continet
1975 2962 2235 3049 triginta
2263 2976 2327 3027 et
2356 2962 2511 3027 duos
2540 2962 2731 3050 pedes
2764 3002 2775 3013 ·
2809 2976 2873 3028 et
2900 2963 3191 3028 extendit
3226 2988 3291 3029 se
3318 2964 3387 3030 in
3416 2964 3688 3054 longitu-

912 3068 1058 3134 dine
1082 3092 1118 3132 a
1139 3068 1243 3133 via
1263 3068 1457 3156 reg-ali
1481 3092 1691 3133 versus
1715 3070 2070 3155 aquilonem
2089 3093 2287 3155 usque
2311 3070 2392 3135 ad
2410 3070 2787 3135 cimiterium
2812 3068 3067 3136 ecclesie
3090 3070 3314 3136 Sancte
3333 3069 3687 3159 Werburge

911 3186 974 3237 et
1004 3187 1208 3238 ortum
1239 3173 1348 3258 qui
1377 3173 1692 3258 quondam
1719 3171 1843 3237 fuit
1870 3172 2131 3240 Roberti
2160 3172 2364 3239 North
2394 3199 2604 3240 versus
2634 3190 2928 3241 austrum.

1040 3280 1183 3367 Ego
1212 3303 1360 3344 vero
1389 3279 1662 3366 prefatus
1684 3277 2042 3345 Willelmus
2062 3280 2321 3346 heredes
2350 3293 2415 3346 et
2443 3282 2736 3370 assignati
2764 3282 2889 3347 mei
2913 3305 3099 3369 super
3126 3283 3386 3348 eandem
3408 3284 3685 3372 placeam

911 3411 1100 3451 unam
1152 3387 1354 3453 aulam
1383 3389 1613 3453 bonam
1659 3388 2084 3455 continentem
2125 3392 2195 3453 in
2223 3389 2618 3477 longitudine
2655 3389 2916 3478 triginta
2961 3403 3026 3454 et
3071 3402 3337 3475 quatuor
3383 3391 3572 3477 pedes
3615 3389 3685 3455 in

911 3492 1242 3557 latitudine
1271 3514 1420 3557 vero
1456 3492 1686 3580 viginti
1733 3505 1798 3557 et
1824 3517 2024 3557 unum
2053 3493 2280 3580 pedem
2324 3493 2613 3561 edificare
2658 3494 2948 3560 volumus
2988 3508 3051 3561 et
3087 3508 3373 3560 tenemur
3401 3520 3513 3584 per
3548 3519 3685 3583 pre-

912 3612 1112 3662 sentes
1156 3637 1168 3647 ·
1208 3612 1272 3663 et
1320 3599 1582 3665 eandem
1623 3622 1820 3685 usque
1872 3600 1952 3665 ad
1995 3602 2188 3667 finem
2236 3603 2490 3668 termini
2536 3604 2950 3692 quadraginta
2994 3627 3297 3669 annorum
3347 3603 3685 3691 supradicti

912 3702 1262 3789 sumptibus
1290 3703 1513 3769 nostris
1542 3704 1702 3769 bene
1743 3717 1808 3769 et
1834 3718 2259 3793 competenter
2287 3708 2586 3774 sustinere
2616 3723 2680 3774 et
2706 3709 2775 3773 in
2795 3708 2921 3774 fine
2949 3709 3201 3774 termini
3229 3709 3299 3773 in
3327 3709 3492 3774 bono
3522 3720 3686 3773 statu

911 3811 1190 3896 undique
1217 3810 1584 3897 relinquere.
1674 3811 1762 3877 Et
1782 3812 1834 3877 si
1862 3812 2188 3901 contingat
2208 3815 2377 3900 quod
2398 3816 2713 3903 predictus
2740 3816 3019 3881 redditus
3044 3815 3319 3901 quinque
3348 3814 3685 3879 solidorum

909 3915 976 3979 in
1007 3929 1138 3980 toto
1167 3915 1268 3981 vel
1296 3916 1365 3979 in
1393 3928 1568 4003 parte
1595 3916 1664 3980 in
1692 3916 1902 4003 aliquo
1931 3916 2199 3982 termino
2229 3942 2266 3983 a
2292 3930 2455 3984 retro
2476 3918 2667 3985 fuerit
2688 3921 2950 3986 durante
2979 3919 3244 3985 termino
3275 3918 3687 4007 quadraginta

912 4045 1214 4086 annorum
1237 4022 1590 4109 supradicto
1619 4034 1683 4087 et
1703 4022 1926 4110 prefati
1944 4024 2125 4088 Prior
2145 4036 2210 4089 et
2230 4037 2573 4091 conventus
2601 4040 3059 4092 etsuccessores
3089 4026 3185 4091 sui
3208 4049 3392 4113 super
3420 4024 3683 4091 eandem

911 4127 1188 4214 placeam
1219 4127 1668 4192 districtionem
1709 4128 2119 4195 sufficientem
2150 4153 2263 4217 pro
2304 4130 2585 4219 predicto
2628 4132 2882 4197 redditu
2911 4132 3194 4197 invenire
3238 4156 3365 4197 non
3408 4146 3683 4220 possunt.

910 4233 1052 4320 Ego
1080 4232 1350 4320 prefatus
1378 4232 1739 4299 Wfflelmus
1767 4259 1880 4323 pro
1910 4260 2012 4303 me
2043 4257 2108 4303 et
2135 4237 2469 4305 heredibus
2508 4252 2573 4305 et
2601 4240 2923 4329 assignatis
2951 4240 3106 4305 meis
3135 4240 3279 4305 volo
3308 4252 3373 4305 et
3408 4240 3684 4306 concedo

909 4338 1078 4423 quod
1107 4338 1258 4402 dicti
1288 4337 1472 4402 Prior
1513 4351 1579 4403 et
1620 4353 1962 4406 conventus
2005 4353 2070 4407 et
2106 4365 2480 4410 successores
2522 4345 2619 4409 sui
2650 4345 2854 4411 aulam
2891 4369 3097 4411 meam
3141 4346 3557 4412 collateralem
3598 4371 3683 4411 ex

908 4458 1080 4533 parte
1125 4444 1494 4513 occidentali
1524 4471 1636 4535 pro
1666 4448 1945 4536 predicto
1988 4450 2239 4517 redditu
2268 4451 2644 4541 distringant
2672 4466 2735 4519 et
2764 4453 3178 4519 districtiones
3215 4453 3333 4520 sibi
3376 4453 3685 4518 retineant

3356 4583 3679 4646 quousque
