<?xml version="1.0" encoding="UTF-8"?>
<!DOCTYPE html PUBLIC "-//W3C//DTD XHTML 1.0 Transitional//EN"
    "http://www.w3.org/TR/xhtml1/DTD/xhtml1-transitional.dtd">
<html xmlns="http://www.w3.org/1999/xhtml" xml:lang="en" lang="en">
 <head>
  <title>
</title>
<meta http-equiv="Content-Type" content="text/html;charset=utf-8" />
  <meta name='ocr-system' content='tesseract 3.04.00' />
  <meta name='ocr-capabilities' content='ocr_page ocr_carea ocr_par ocr_line ocrx_word'/>
</head>
<body>
  <div class='ocr_page' id='page_1' title='image "./registrumpriora00butlgoog_0106.png"; bbox 0 0 4295 5410; ppageno 0'>
   <div class='ocr_carea' id='block_1_1' title="bbox 2250 633 2345 704">
    <p class='ocr_par' dir='ltr' id='par_1_1' title="bbox 2250 633 2345 704">
     <span class='ocr_line' id='line_1_1' title="bbox 2250 633 2345 704; baseline 0 0"><span class='ocrx_word' id='word_1_1' title='bbox 2250 633 2345 704; x_wconf 84' lang='lat'><strong>24</strong></span> 
     </span>
    </p>
   </div>
   <div class='ocr_carea' id='block_1_2' title="bbox 917 789 3689 1709">
    <p class='ocr_par' dir='ltr' id='par_1_2' title="bbox 917 789 3689 1709">
     <span class='ocr_line' id='line_1_2' title="bbox 918 789 3687 884; baseline 0.004 -28"><span class='ocrx_word' id='word_1_2' title='bbox 918 790 1087 856; x_wconf 88' lang='lat' dir='ltr'><strong>omni</strong></span> <span class='ocrx_word' id='word_1_3' title='bbox 1116 789 1442 856; x_wconf 79' lang='lat' dir='ltr'><strong>exactione</strong></span> <span class='ocrx_word' id='word_1_4' title='bbox 1489 803 1553 857; x_wconf 83' lang='lat' dir='ltr'><strong>et</strong></span> <span class='ocrx_word' id='word_1_5' title='bbox 1582 791 1905 860; x_wconf 86' lang='lat' dir='ltr'><strong>demanda.</strong></span> <span class='ocrx_word' id='word_1_6' title='bbox 1992 794 2081 860; x_wconf 85' lang='lat' dir='ltr'><strong>Et</strong></span> <span class='ocrx_word' id='word_1_7' title='bbox 2128 819 2249 884; x_wconf 89' lang='lat' dir='ltr'><strong>ego</strong></span> <span class='ocrx_word' id='word_1_8' title='bbox 2285 798 2329 862; x_wconf 87' lang='lat' dir='ltr'><strong>J</strong></span> <span class='ocrx_word' id='word_1_9' title='bbox 2331 797 2602 863; x_wconf 84' lang='lat' dir='ltr'><strong>ohannes</strong></span> <span class='ocrx_word' id='word_1_10' title='bbox 2630 797 2795 864; x_wconf 91' lang='lat' dir='ltr'><strong>filius</strong></span> <span class='ocrx_word' id='word_1_11' title='bbox 2824 799 3129 866; x_wconf 91' lang='lat' dir='ltr'><strong>Dermicii</strong></span> <span class='ocrx_word' id='word_1_12' title='bbox 3166 813 3231 866; x_wconf 88' lang='lat' dir='ltr'><strong>et</strong></span> <span class='ocrx_word' id='word_1_13' title='bbox 3256 801 3514 868; x_wconf 86' lang='lat' dir='ltr'><strong>heredes</strong></span> <span class='ocrx_word' id='word_1_14' title='bbox 3558 803 3687 869; x_wconf 89' lang='lat' dir='ltr'><strong>mei</strong></span> 
     </span>
     <span class='ocr_line' id='line_1_3' title="bbox 917 897 3687 991; baseline 0.005 -30"><span class='ocrx_word' id='word_1_15' title='bbox 917 913 1057 986; x_wconf 88' lang='lat' dir='ltr'><strong>post</strong></span> <span class='ocrx_word' id='word_1_16' title='bbox 1084 921 1184 963; x_wconf 91' lang='lat' dir='ltr'><strong>me</strong></span> <span class='ocrx_word' id='word_1_17' title='bbox 1215 897 1454 964; x_wconf 87' lang='lat' dir='ltr'><strong>dictum</strong></span> <span class='ocrx_word' id='word_1_18' title='bbox 1481 901 1782 966; x_wconf 88' lang='lat' dir='ltr'><strong>batellum</strong></span> <span class='ocrx_word' id='word_1_19' title='bbox 1829 905 2175 986; x_wconf 80' lang='lat' dir='ltr'><strong>cano[nicis</strong></span> <span class='ocrx_word' id='word_1_20' title='bbox 2204 910 2565 991; x_wconf 79' lang='lat' dir='ltr'><strong>memo]rate</strong></span> <span class='ocrx_word' id='word_1_21' title='bbox 2610 907 2867 974; x_wconf 82' lang='lat' dir='ltr'><strong>ecclesie</strong></span> <span class='ocrx_word' id='word_1_22' title='bbox 2905 921 3119 974; x_wconf 86' lang='lat' dir='ltr'><strong>contra</strong></span> <span class='ocrx_word' id='word_1_23' title='bbox 3164 933 3376 975; x_wconf 89' lang='lat' dir='ltr'><strong>omnes</strong></span> <span class='ocrx_word' id='word_1_24' title='bbox 3402 910 3687 975; x_wconf 86' lang='lat' dir='ltr'><strong>homines</strong></span> 
     </span>
     <span class='ocr_line' id='line_1_4' title="bbox 917 1005 3682 1103; baseline 0.004 -33"><span class='ocrx_word' id='word_1_25' title='bbox 917 1005 1453 1072; x_wconf 83' lang='lat' dir='ltr'><strong>warentizabimus</strong></span> <span class='ocrx_word' id='word_1_26' title='bbox 1486 1046 1498 1059; x_wconf 94' lang='lat'><strong>·</strong></span> <span class='ocrx_word' id='word_1_27' title='bbox 1529 1023 1603 1074; x_wconf 85' lang='lat' dir='ltr'><strong>ut</strong></span> <span class='ocrx_word' id='word_1_28' title='bbox 1629 1010 1747 1076; x_wconf 87' lang='lat' dir='ltr'><strong>hec</strong></span> <span class='ocrx_word' id='word_1_29' title='bbox 1785 1013 2055 1098; x_wconf 81' lang='lat' dir='ltr'><strong>a[utem]</strong></span> <span class='ocrx_word' id='word_1_30' title='bbox 2087 1037 2227 1080; x_wconf 84' lang='lat' dir='ltr'><strong>mea</strong></span> <span class='ocrx_word' id='word_1_31' title='bbox 2256 1014 2517 1080; x_wconf 77' lang='lat' dir='ltr'><strong>donacio</strong></span> <span class='ocrx_word' id='word_1_32' title='bbox 2562 1015 2874 1080; x_wconf 77' lang='lat' dir='ltr'><strong>concessio</strong></span> <span class='ocrx_word' id='word_1_33' title='bbox 2910 1028 2975 1081; x_wconf 83' lang='grc'><strong>61,</strong></span> <span class='ocrx_word' id='word_1_34' title='bbox 3012 1015 3407 1082; x_wconf 86' lang='lat' dir='ltr'><strong>confirmacio</strong></span> <span class='ocrx_word' id='word_1_35' title='bbox 3444 1016 3515 1080; x_wconf 92' lang='lat' dir='ltr'><strong>in</strong></span> <span class='ocrx_word' id='word_1_36' title='bbox 3542 1039 3682 1103; x_wconf 89' lang='lat' dir='ltr'><strong>pre-</strong></span> 
     </span>
     <span class='ocr_line' id='line_1_5' title="bbox 918 1111 3688 1209; baseline 0.003 -32"><span class='ocrx_word' id='word_1_37' title='bbox 918 1111 1262 1178; x_wconf 83' lang='lat' dir='ltr'><strong>senciarum</strong></span> <span class='ocrx_word' id='word_1_38' title='bbox 1307 1127 1439 1179; x_wconf 86' lang='lat' dir='ltr'><strong>rata</strong></span> <span class='ocrx_word' id='word_1_39' title='bbox 1466 1129 1822 1202; x_wconf 81' lang='lat' dir='ltr'><strong>permaneat</strong></span> <span class='ocrx_word' id='word_1_40' title='bbox 1850 1131 1915 1181; x_wconf 89' lang='lat' dir='ltr'><strong>et</strong></span> <span class='ocrx_word' id='word_1_41' title='bbox 1941 1116 2009 1180; x_wconf 93' lang='lat' dir='ltr'><strong>in</strong></span> <span class='ocrx_word' id='word_1_42' title='bbox 2037 1139 2352 1205; x_wconf 90' lang='lat' dir='ltr'><strong>posterum</strong></span> <span class='ocrx_word' id='word_1_43' title='bbox 2382 1118 2743 1184; x_wconf 87' lang='lat' dir='ltr'><strong>inconcussa</strong></span> <span class='ocrx_word' id='word_1_44' title='bbox 2770 1120 3070 1185; x_wconf 82' lang='lat' dir='ltr'><strong>habeatur</strong></span> <span class='ocrx_word' id='word_1_45' title='bbox 3098 1143 3346 1208; x_wconf 80' lang='lat' dir='ltr'><strong>presens</strong></span> <span class='ocrx_word' id='word_1_46' title='bbox 3388 1121 3688 1209; x_wconf 87' lang='lat' dir='ltr'><strong>scriptum</strong></span> 
     </span>
     <span class='ocr_line' id='line_1_6' title="bbox 922 1216 3689 1306; baseline 0.004 -26"><span class='ocrx_word' id='word_1_47' title='bbox 922 1216 1114 1304; x_wconf 84' lang='lat' dir='ltr'><strong>sigilli</strong></span> <span class='ocrx_word' id='word_1_48' title='bbox 1164 1217 1290 1282; x_wconf 90' lang='lat' dir='ltr'><strong>mei</strong></span> <span class='ocrx_word' id='word_1_49' title='bbox 1353 1217 1754 1306; x_wconf 78' lang='lat' dir='ltr'><strong>impressione</strong></span> <span class='ocrx_word' id='word_1_50' title='bbox 1802 1219 1922 1286; x_wconf 83' lang='lat' dir='ltr'><strong>feci</strong></span> <span class='ocrx_word' id='word_1_51' title='bbox 1985 1221 2374 1286; x_wconf 88' lang='lat' dir='ltr'><strong>communiri.</strong></span> <span class='ocrx_word' id='word_1_52' title='bbox 2462 1221 2609 1286; x_wconf 88' lang='lat' dir='ltr'><strong>Hiis</strong></span> <span class='ocrx_word' id='word_1_53' title='bbox 2646 1222 2906 1288; x_wconf 85' lang='lat' dir='ltr'><strong>testibus</strong></span> <span class='ocrx_word' id='word_1_54' title='bbox 2950 1261 2962 1274; x_wconf 95' lang='lat'><strong>·</strong></span> <span class='ocrx_word' id='word_1_55' title='bbox 3003 1223 3257 1289; x_wconf 86' lang='lat' dir='ltr'><strong>domino</strong></span> <span class='ocrx_word' id='word_1_56' title='bbox 3294 1225 3507 1290; x_wconf 82' lang='lat' dir='ltr'><strong>David</strong></span> <span class='ocrx_word' id='word_1_57' title='bbox 3556 1225 3689 1290; x_wconf 86' lang='lat' dir='ltr'><strong>filio</strong></span> 
     </span>
     <span class='ocr_line' id='line_1_7' title="bbox 919 1319 3689 1416; baseline 0.003 -30"><span class='ocrx_word' id='word_1_58' title='bbox 919 1319 1226 1387; x_wconf 85' lang='lat' dir='ltr'><strong>Willelmi</strong></span> <span class='ocrx_word' id='word_1_59' title='bbox 1255 1324 1484 1389; x_wconf 89' lang='lat' dir='ltr'><strong>barone</strong></span> <span class='ocrx_word' id='word_1_60' title='bbox 1503 1323 1605 1389; x_wconf 89' lang='lat' dir='ltr'><strong>del</strong></span> <span class='ocrx_word' id='word_1_61' title='bbox 1633 1324 1696 1388; x_wconf 90' lang='lat' dir='ltr'>N</span> <span class='ocrx_word' id='word_1_62' title='bbox 1697 1349 1798 1390; x_wconf 85' lang='lat' dir='ltr'><strong>aas</strong></span> <span class='ocrx_word' id='word_1_63' title='bbox 1830 1363 1844 1376; x_wconf 93' lang='lat'><strong>·</strong></span> <span class='ocrx_word' id='word_1_64' title='bbox 1876 1325 2132 1391; x_wconf 92' lang='lat' dir='ltr'><strong>domino</strong></span> <span class='ocrx_word' id='word_1_65' title='bbox 2152 1325 2439 1392; x_wconf 87' lang='lat' dir='ltr'><strong>Gilberto</strong></span> <span class='ocrx_word' id='word_1_66' title='bbox 2469 1327 2547 1392; x_wconf 90' lang='lat' dir='ltr'><strong>de</strong></span> <span class='ocrx_word' id='word_1_67' title='bbox 2577 1327 2900 1416; x_wconf 87' lang='lat' dir='ltr'><strong>Bellofago</strong></span> <span class='ocrx_word' id='word_1_68' title='bbox 2933 1367 2946 1380; x_wconf 90' lang='lat'><strong>·</strong></span> <span class='ocrx_word' id='word_1_69' title='bbox 2980 1329 3287 1395; x_wconf 82' lang='lat' dir='ltr'><strong>Mauricio</strong></span> <span class='ocrx_word' id='word_1_70' title='bbox 3316 1330 3507 1397; x_wconf 83' lang='lat' dir='ltr'><strong>Mach</strong></span> <span class='ocrx_word' id='word_1_71' title='bbox 3538 1330 3689 1394; x_wconf 89' lang='lat' dir='ltr'><strong>Mu-</strong></span> 
     </span>
     <span class='ocr_line' id='line_1_8' title="bbox 919 1428 3688 1502; baseline 0.003 -11"><span class='ocrx_word' id='word_1_72' title='bbox 919 1428 1072 1494; x_wconf 88' lang='lat' dir='ltr'><strong>ruch</strong></span> <span class='ocrx_word' id='word_1_73' title='bbox 1105 1465 1118 1478; x_wconf 90' lang='lat'><strong>·</strong></span> <span class='ocrx_word' id='word_1_74' title='bbox 1152 1428 1436 1496; x_wconf 77' lang='lat' dir='ltr'><strong>Grilberto</strong></span> <span class='ocrx_word' id='word_1_75' title='bbox 1487 1431 1590 1496; x_wconf 92' lang='lat' dir='ltr'><strong>del</strong></span> <span class='ocrx_word' id='word_1_76' title='bbox 1620 1431 1789 1497; x_wconf 86' lang='lat' dir='ltr'><strong>Ynet</strong></span> <span class='ocrx_word' id='word_1_77' title='bbox 1821 1470 1834 1485; x_wconf 93' lang='lat'><strong>·</strong></span> <span class='ocrx_word' id='word_1_78' title='bbox 1867 1432 2176 1499; x_wconf 86' lang='lat' dir='ltr'><strong>Mauricio</strong></span> <span class='ocrx_word' id='word_1_79' title='bbox 2223 1432 2353 1498; x_wconf 89' lang='lat' dir='ltr'><strong>filio</strong></span> <span class='ocrx_word' id='word_1_80' title='bbox 2393 1431 2703 1499; x_wconf 85' lang='lat' dir='ltr'><strong>Willelmi</strong></span> <span class='ocrx_word' id='word_1_81' title='bbox 2753 1436 2999 1500; x_wconf 87' lang='lat' dir='ltr'><strong>baronis</strong></span> <span class='ocrx_word' id='word_1_82' title='bbox 3042 1436 3144 1501; x_wconf 92' lang='lat' dir='ltr'><strong>del</strong></span> <span class='ocrx_word' id='word_1_83' title='bbox 3190 1435 3253 1500; x_wconf 90' lang='lat' dir='ltr'>N</span> <span class='ocrx_word' id='word_1_84' title='bbox 3254 1459 3355 1502; x_wconf 83' lang='lat' dir='ltr'><strong>aas</strong></span> <span class='ocrx_word' id='word_1_85' title='bbox 3388 1475 3402 1488; x_wconf 90' lang='lat'><strong>·</strong></span> <span class='ocrx_word' id='word_1_86' title='bbox 3435 1437 3688 1501; x_wconf 86' lang='lat' dir='ltr'><strong>domina</strong></span> 
     </span>
     <span class='ocr_line' id='line_1_9' title="bbox 925 1530 3686 1630; baseline 0.003 -34"><span class='ocrx_word' id='word_1_87' title='bbox 925 1530 1194 1598; x_wconf 86' lang='lat' dir='ltr'><strong>Claricia</strong></span> <span class='ocrx_word' id='word_1_88' title='bbox 1222 1557 1443 1621; x_wconf 84' lang='lat' dir='ltr'><strong>sponsa</strong></span> <span class='ocrx_word' id='word_1_89' title='bbox 1469 1559 1609 1601; x_wconf 89' lang='lat' dir='ltr'><strong>mea</strong></span> <span class='ocrx_word' id='word_1_90' title='bbox 1641 1574 1654 1587; x_wconf 90' lang='lat'><strong>·</strong></span> <span class='ocrx_word' id='word_1_91' title='bbox 1687 1535 1940 1601; x_wconf 89' lang='lat' dir='ltr'><strong>domino</strong></span> <span class='ocrx_word' id='word_1_92' title='bbox 1971 1538 2219 1603; x_wconf 88' lang='lat' dir='ltr'><strong>Thoma</strong></span> <span class='ocrx_word' id='word_1_93' title='bbox 2250 1537 2486 1604; x_wconf 86' lang='lat' dir='ltr'><strong>Oorner</strong></span> <span class='ocrx_word' id='word_1_94' title='bbox 2516 1577 2531 1590; x_wconf 93' lang='lat'><strong>·</strong></span> <span class='ocrx_word' id='word_1_95' title='bbox 2562 1539 2936 1606; x_wconf 87' lang='lat' dir='ltr'><strong>Duvenaldo</strong></span> <span class='ocrx_word' id='word_1_96' title='bbox 2966 1565 3105 1608; x_wconf 89' lang='lat' dir='ltr'><strong>mac</strong></span> <span class='ocrx_word' id='word_1_97' title='bbox 3134 1540 3368 1630; x_wconf 89' lang='lat' dir='ltr'><strong>Duneg</strong></span> <span class='ocrx_word' id='word_1_98' title='bbox 3401 1580 3414 1593; x_wconf 90' lang='lat'><strong>·</strong></span> <span class='ocrx_word' id='word_1_99' title='bbox 3436 1540 3686 1606; x_wconf 88' lang='lat' dir='ltr'><strong>Willel-</strong></span> 
     </span>
     <span class='ocr_line' id='line_1_10' title="bbox 921 1640 2711 1709; baseline 0.003 -7"><span class='ocrx_word' id='word_1_100' title='bbox 921 1661 1025 1703; x_wconf 92' lang='lat' dir='ltr'><strong>mo</strong></span> <span class='ocrx_word' id='word_1_101' title='bbox 1055 1640 1385 1708; x_wconf 79' lang='lat' dir='ltr'><strong>senescallo</strong></span> <span class='ocrx_word' id='word_1_102' title='bbox 1412 1665 1554 1707; x_wconf 91' lang='lat' dir='ltr'><strong>meo</strong></span> <span class='ocrx_word' id='word_1_103' title='bbox 1585 1679 1600 1693; x_wconf 92' lang='lat'><strong>·</strong></span> <span class='ocrx_word' id='word_1_104' title='bbox 1631 1656 1696 1708; x_wconf 86' lang='lat' dir='ltr'><strong>et</strong></span> <span class='ocrx_word' id='word_1_105' title='bbox 1725 1641 1999 1708; x_wconf 85' lang='lat' dir='ltr'><strong>Roberto</strong></span> <span class='ocrx_word' id='word_1_106' title='bbox 2029 1643 2160 1707; x_wconf 90' lang='lat' dir='ltr'><strong>filio</strong></span> <span class='ocrx_word' id='word_1_107' title='bbox 2188 1642 2439 1708; x_wconf 86' lang='lat' dir='ltr'><strong>Warini</strong></span> <span class='ocrx_word' id='word_1_108' title='bbox 2466 1657 2530 1709; x_wconf 86' lang='lat' dir='ltr'><strong>et</strong></span> <span class='ocrx_word' id='word_1_109' title='bbox 2558 1642 2711 1708; x_wconf 90' lang='lat' dir='ltr'><strong>aliis.</strong></span> 
     </span>
    </p>
   </div>
   <div class='ocr_carea' id='block_1_3' title="bbox 2173 1962 2429 2036">
    <p class='ocr_par' dir='ltr' id='par_1_3' title="bbox 2173 1962 2429 2036">
     <span class='ocr_line' id='line_1_11' title="bbox 2173 1962 2429 2036; baseline 0.008 -2"><span class='ocrx_word' id='word_1_110' title='bbox 2173 1962 2429 2036; x_wconf 89' lang='lat' dir='ltr'><strong>XVII.</strong></span> 
     </span>
    </p>
   </div>
   <div class='ocr_carea' id='block_1_4' title="bbox 1881 2147 2683 2241">
    <p class='ocr_par' dir='ltr' id='par_1_4' title="bbox 1881 2147 2683 2241">
     <span class='ocr_line' id='line_1_12' title="bbox 1881 2147 2683 2241; baseline 0.001 -18"><span class='ocrx_word' id='word_1_111' title='bbox 1881 2147 1998 2223; x_wconf 60' lang='lat' dir='ltr'><strong>we</strong></span> <span class='ocrx_word' id='word_1_112' title='bbox 2031 2147 2262 2222; x_wconf 69' lang='lat' dir='ltr'><strong>butella</strong></span> <span class='ocrx_word' id='word_1_113' title='bbox 2297 2148 2683 2241; x_wconf 70' lang='lat' dir='ltr'><strong>pistatinnis.</strong></span> 
     </span>
    </p>
   </div>
   <div class='ocr_carea' id='block_1_5' title="bbox 913 2333 3687 4436">
    <p class='ocr_par' dir='ltr' id='par_1_5' title="bbox 913 2333 3687 4436">
     <span class='ocr_line' id='line_1_13' title="bbox 1052 2333 3685 2424; baseline 0.001 -25"><span class='ocrx_word' id='word_1_114' title='bbox 1052 2333 1240 2400; x_wconf 83' lang='lat' dir='ltr'><strong>Ciant</strong></span> <span class='ocrx_word' id='word_1_115' title='bbox 1266 2345 1578 2421; x_wconf 77' lang='lat' dir='ltr'><strong>presentes</strong></span> <span class='ocrx_word' id='word_1_116' title='bbox 1622 2346 1687 2400; x_wconf 83' lang='lat' dir='ltr'><strong>et</strong></span> <span class='ocrx_word' id='word_1_117' title='bbox 1720 2333 1915 2399; x_wconf 85' lang='lat' dir='ltr'><strong>futuri</strong></span> <span class='ocrx_word' id='word_1_118' title='bbox 1954 2335 2122 2420; x_wconf 89' lang='lat' dir='ltr'><strong>quod</strong></span> <span class='ocrx_word' id='word_1_119' title='bbox 2170 2360 2288 2424; x_wconf 89' lang='lat' dir='ltr'><strong>ego</strong></span> <span class='ocrx_word' id='word_1_120' title='bbox 2325 2335 2370 2402; x_wconf 85' lang='lat' dir='ltr'>J</span> <span class='ocrx_word' id='word_1_121' title='bbox 2372 2337 2643 2402; x_wconf 83' lang='lat' dir='ltr'><strong>ohannes</strong></span> <span class='ocrx_word' id='word_1_122' title='bbox 2691 2335 2857 2402; x_wconf 89' lang='lat' dir='ltr'><strong>filius</strong></span> <span class='ocrx_word' id='word_1_123' title='bbox 2894 2337 2939 2403; x_wconf 83' lang='lat' dir='ltr'><strong>J</strong></span> <span class='ocrx_word' id='word_1_124' title='bbox 2940 2335 3200 2403; x_wconf 88' lang='lat' dir='ltr'><strong>ohannis</strong></span> <span class='ocrx_word' id='word_1_125' title='bbox 3234 2335 3350 2401; x_wconf 88' lang='lat' dir='ltr'><strong>filii</strong></span> <span class='ocrx_word' id='word_1_126' title='bbox 3380 2336 3685 2402; x_wconf 86' lang='lat' dir='ltr'><strong>Dermicii</strong></span> 
     </span>
     <span class='ocr_line' id='line_1_14' title="bbox 1094 2439 3687 2529; baseline -0.001 -21"><span class='ocrx_word' id='word_1_127' title='bbox 1094 2441 1365 2508; x_wconf 87' lang='lat' dir='ltr'><strong>concessi</strong></span> <span class='ocrx_word' id='word_1_128' title='bbox 1387 2454 1451 2507; x_wconf 86' lang='lat' dir='ltr'><strong>et</strong></span> <span class='ocrx_word' id='word_1_129' title='bbox 1468 2439 1750 2527; x_wconf 88' lang='lat' dir='ltr'><strong>quietum</strong></span> <span class='ocrx_word' id='word_1_130' title='bbox 1778 2439 1932 2507; x_wconf 82' lang='lat' dir='ltr'><strong>clam</strong></span> <span class='ocrx_word' id='word_1_131' title='bbox 1940 2440 2040 2506; x_wconf 87' lang='lat' dir='ltr'><strong>avi</strong></span> <span class='ocrx_word' id='word_1_132' title='bbox 2062 2463 2175 2528; x_wconf 90' lang='lat' dir='ltr'><strong>pro</strong></span> <span class='ocrx_word' id='word_1_133' title='bbox 2203 2464 2304 2505; x_wconf 91' lang='lat' dir='ltr'><strong>me</strong></span> <span class='ocrx_word' id='word_1_134' title='bbox 2334 2454 2399 2505; x_wconf 86' lang='lat' dir='ltr'><strong>et</strong></span> <span class='ocrx_word' id='word_1_135' title='bbox 2417 2440 2749 2506; x_wconf 86' lang='lat' dir='ltr'><strong>heredibus</strong></span> <span class='ocrx_word' id='word_1_136' title='bbox 2768 2441 2923 2506; x_wconf 90' lang='lat' dir='ltr'><strong>meis</strong></span> <span class='ocrx_word' id='word_1_137' title='bbox 2944 2441 3011 2506; x_wconf 90' lang='lat' dir='ltr'><strong>in</strong></span> <span class='ocrx_word' id='word_1_138' title='bbox 3031 2454 3401 2529; x_wconf 90' lang='lat' dir='ltr'><strong>perpetuum</strong></span> <span class='ocrx_word' id='word_1_139' title='bbox 3430 2440 3687 2506; x_wconf 86' lang='lat' dir='ltr'><strong>ecclesie</strong></span> 
     </span>
     <span class='ocr_line' id='line_1_15' title="bbox 920 2543 3684 2631; baseline -0.003 -15"><span class='ocrx_word' id='word_1_140' title='bbox 920 2549 1224 2616; x_wconf 89' lang='lat' dir='ltr'><strong>Omnium</strong></span> <span class='ocrx_word' id='word_1_141' title='bbox 1259 2547 1627 2614; x_wconf 82' lang='lat' dir='ltr'><strong>Sanctorum</strong></span> <span class='ocrx_word' id='word_1_142' title='bbox 1648 2546 1840 2631; x_wconf 83' lang='lat' dir='ltr'><strong>juxta</strong></span> <span class='ocrx_word' id='word_1_143' title='bbox 1867 2543 2112 2610; x_wconf 89' lang='lat' dir='ltr'><strong>Dublin</strong></span> <span class='ocrx_word' id='word_1_144' title='bbox 2141 2555 2206 2609; x_wconf 85' lang='lat' dir='ltr'><strong>et</strong></span> <span class='ocrx_word' id='word_1_145' title='bbox 2234 2543 2545 2609; x_wconf 87' lang='lat' dir='ltr'><strong>canonicis</strong></span> <span class='ocrx_word' id='word_1_146' title='bbox 2573 2543 2809 2610; x_wconf 87' lang='lat' dir='ltr'><strong>ibidem</strong></span> <span class='ocrx_word' id='word_1_147' title='bbox 2838 2544 3053 2610; x_wconf 86' lang='lat' dir='ltr'><strong>divina</strong></span> <span class='ocrx_word' id='word_1_148' title='bbox 3090 2545 3295 2612; x_wconf 86' lang='lat' dir='ltr'><strong>officia</strong></span> <span class='ocrx_word' id='word_1_149' title='bbox 3321 2544 3684 2611; x_wconf 83' lang='lat' dir='ltr'><strong>celebranti-</strong></span> 
     </span>
     <span class='ocr_line' id='line_1_16' title="bbox 915 2650 3685 2745; baseline -0.003 -20"><span class='ocrx_word' id='word_1_150' title='bbox 915 2657 1032 2725; x_wconf 87' lang='lat' dir='ltr'><strong>bus</strong></span> <span class='ocrx_word' id='word_1_151' title='bbox 1065 2694 1079 2709; x_wconf 93' lang='lat'><strong>·</strong></span> <span class='ocrx_word' id='word_1_152' title='bbox 1107 2677 1222 2745; x_wconf 90' lang='lat' dir='ltr'><strong>pro</strong></span> <span class='ocrx_word' id='word_1_153' title='bbox 1250 2655 1446 2721; x_wconf 85' lang='lat' dir='ltr'><strong>salute</strong></span> <span class='ocrx_word' id='word_1_154' title='bbox 1475 2653 1678 2720; x_wconf 90' lang='lat' dir='ltr'><strong>anime</strong></span> <span class='ocrx_word' id='word_1_155' title='bbox 1708 2675 1844 2719; x_wconf 90' lang='lat' dir='ltr'><strong>mee</strong></span> <span class='ocrx_word' id='word_1_156' title='bbox 1879 2663 1945 2718; x_wconf 83' lang='lat' dir='ltr'><strong>et</strong></span> <span class='ocrx_word' id='word_1_157' title='bbox 1981 2650 2304 2717; x_wconf 78' lang='lat' dir='ltr'><strong>animabus</strong></span> <span class='ocrx_word' id='word_1_158' title='bbox 2332 2651 2521 2740; x_wconf 87' lang='lat' dir='ltr'><strong>patris</strong></span> <span class='ocrx_word' id='word_1_159' title='bbox 2550 2665 2614 2717; x_wconf 90' lang='grc'><strong>61,</strong></span> <span class='ocrx_word' id='word_1_160' title='bbox 2640 2650 2853 2717; x_wconf 82' lang='lat' dir='ltr'><strong>matris</strong></span> <span class='ocrx_word' id='word_1_161' title='bbox 2880 2675 3018 2719; x_wconf 92' lang='grc'><strong>11166</strong></span> <span class='ocrx_word' id='word_1_162' title='bbox 3048 2664 3112 2719; x_wconf 83' lang='lat' dir='ltr'><strong>et</strong></span> <span class='ocrx_word' id='word_1_163' title='bbox 3140 2663 3589 2719; x_wconf 75' lang='lat' dir='ltr'><strong>antecessorum</strong></span> <span class='ocrx_word' id='word_1_164' title='bbox 3620 2663 3685 2717; x_wconf 84' lang='lat' dir='ltr'><strong>et</strong></span> 
     </span>
     <span class='ocr_line' id='line_1_17' title="bbox 913 2756 3681 2846; baseline -0.004 -15"><span class='ocrx_word' id='word_1_165' title='bbox 913 2787 1332 2831; x_wconf 89' lang='lat' dir='ltr'><strong>successorum</strong></span> <span class='ocrx_word' id='word_1_166' title='bbox 1372 2786 1649 2828; x_wconf 89' lang='lat' dir='ltr'><strong>meorum</strong></span> <span class='ocrx_word' id='word_1_167' title='bbox 1683 2801 1696 2814; x_wconf 90' lang='lat'><strong>·</strong></span> <span class='ocrx_word' id='word_1_168' title='bbox 1727 2760 2026 2827; x_wconf 86' lang='lat' dir='ltr'><strong>batellum</strong></span> <span class='ocrx_word' id='word_1_169' title='bbox 2055 2772 2120 2826; x_wconf 84' lang='lat' dir='ltr'><strong>et</strong></span> <span class='ocrx_word' id='word_1_170' title='bbox 2145 2772 2349 2825; x_wconf 85' lang='lat' dir='ltr'><strong>totum</strong></span> <span class='ocrx_word' id='word_1_171' title='bbox 2370 2760 2476 2846; x_wconf 89' lang='lat' dir='ltr'><strong>jus</strong></span> <span class='ocrx_word' id='word_1_172' title='bbox 2505 2759 2557 2825; x_wconf 90' lang='lat' dir='ltr'><strong>si</strong></span> <span class='ocrx_word' id='word_1_173' title='bbox 2585 2759 2753 2845; x_wconf 91' lang='lat' dir='ltr'><strong>quod</strong></span> <span class='ocrx_word' id='word_1_174' title='bbox 2782 2760 2977 2826; x_wconf 87' lang='lat' dir='ltr'><strong>habui</strong></span> <span class='ocrx_word' id='word_1_175' title='bbox 3006 2759 3108 2825; x_wconf 84' lang='lat' dir='ltr'><strong>vel</strong></span> <span class='ocrx_word' id='word_1_176' title='bbox 3135 2760 3365 2826; x_wconf 85' lang='lat' dir='ltr'><strong>habere</strong></span> <span class='ocrx_word' id='word_1_177' title='bbox 3394 2757 3584 2825; x_wconf 90' lang='lat' dir='ltr'><strong>debui</strong></span> <span class='ocrx_word' id='word_1_178' title='bbox 3612 2756 3681 2821; x_wconf 90' lang='lat' dir='ltr'><strong>in</strong></span> 
     </span>
     <span class='ocr_line' id='line_1_18' title="bbox 915 2864 3680 2957; baseline -0.004 -20"><span class='ocrx_word' id='word_1_179' title='bbox 915 2870 1092 2957; x_wconf 86' lang='lat' dir='ltr'><strong>aquis</strong></span> <span class='ocrx_word' id='word_1_180' title='bbox 1119 2868 1364 2935; x_wconf 90' lang='lat' dir='ltr'><strong>Dublin</strong></span> <span class='ocrx_word' id='word_1_181' title='bbox 1407 2869 1486 2934; x_wconf 81' lang='lat' dir='ltr'><strong>ad</strong></span> <span class='ocrx_word' id='word_1_182' title='bbox 1515 2868 1816 2934; x_wconf 87' lang='lat' dir='ltr'><strong>salmones</strong></span> <span class='ocrx_word' id='word_1_183' title='bbox 1843 2892 1953 2933; x_wconf 90' lang='lat' dir='ltr'><strong>seu</strong></span> <span class='ocrx_word' id='word_1_184' title='bbox 1981 2867 2133 2933; x_wconf 87' lang='lat' dir='ltr'><strong>alios</strong></span> <span class='ocrx_word' id='word_1_185' title='bbox 2177 2867 2375 2955; x_wconf 84' lang='lat' dir='ltr'><strong>pisces</strong></span> <span class='ocrx_word' id='word_1_186' title='bbox 2420 2867 2751 2955; x_wconf 86' lang='lat' dir='ltr'><strong>capiendos</strong></span> <span class='ocrx_word' id='word_1_187' title='bbox 2784 2904 2797 2919; x_wconf 89' lang='lat'><strong>·</strong></span> <span class='ocrx_word' id='word_1_188' title='bbox 2829 2890 2973 2934; x_wconf 89' lang='lat' dir='ltr'><strong>cum</strong></span> <span class='ocrx_word' id='word_1_189' title='bbox 3012 2866 3183 2931; x_wconf 92' lang='lat' dir='ltr'><strong>omni</strong></span> <span class='ocrx_word' id='word_1_190' title='bbox 3222 2865 3417 2931; x_wconf 81' lang='lat' dir='ltr'><strong>eciam</strong></span> <span class='ocrx_word' id='word_1_191' title='bbox 3438 2864 3583 2951; x_wconf 81' lang='lat' dir='ltr'><strong>jure</strong></span> <span class='ocrx_word' id='word_1_192' title='bbox 3612 2864 3680 2927; x_wconf 90' lang='lat' dir='ltr'><strong>in</strong></span> 
     </span>
     <span class='ocr_line' id='line_1_19' title="bbox 914 2972 3679 3065; baseline -0.003 -23"><span class='ocrx_word' id='word_1_193' title='bbox 914 2977 1066 3065; x_wconf 87' lang='lat' dir='ltr'><strong>ipsis</strong></span> <span class='ocrx_word' id='word_1_194' title='bbox 1095 2975 1268 3061; x_wconf 82' lang='lat' dir='ltr'><strong>aquis</strong></span> <span class='ocrx_word' id='word_1_195' title='bbox 1298 2973 1578 3063; x_wconf 87' lang='lat' dir='ltr'><strong>piscandi</strong></span> <span class='ocrx_word' id='word_1_196' title='bbox 1606 2974 1686 3039; x_wconf 84' lang='lat' dir='ltr'><strong>ad</strong></span> <span class='ocrx_word' id='word_1_197' title='bbox 1723 2996 1824 3038; x_wconf 91' lang='grc'><strong>1116</strong></span> <span class='ocrx_word' id='word_1_198' title='bbox 1853 2973 1956 3039; x_wconf 84' lang='lat' dir='ltr'><strong>vel</strong></span> <span class='ocrx_word' id='word_1_199' title='bbox 1983 2972 2241 3039; x_wconf 86' lang='lat' dir='ltr'><strong>heredes</strong></span> <span class='ocrx_word' id='word_1_200' title='bbox 2290 2996 2460 3038; x_wconf 89' lang='lat' dir='ltr'><strong>meos</strong></span> <span class='ocrx_word' id='word_1_201' title='bbox 2498 2973 2843 3059; x_wconf 80' lang='lat' dir='ltr'><strong>pertinente</strong></span> <span class='ocrx_word' id='word_1_202' title='bbox 2872 2972 2941 3037; x_wconf 90' lang='lat' dir='ltr'><strong>in</strong></span> <span class='ocrx_word' id='word_1_203' title='bbox 2970 2996 3190 3060; x_wconf 86' lang='lat' dir='ltr'><strong>puram</strong></span> <span class='ocrx_word' id='word_1_204' title='bbox 3225 2985 3290 3037; x_wconf 85' lang='lat' dir='ltr'><strong>et</strong></span> <span class='ocrx_word' id='word_1_205' title='bbox 3317 2984 3679 3059; x_wconf 85' lang='lat' dir='ltr'><strong>perpetuam</strong></span> 
     </span>
     <span class='ocr_line' id='line_1_20' title="bbox 916 3076 3683 3166; baseline -0.002 -18"><span class='ocrx_word' id='word_1_206' title='bbox 916 3081 1314 3148; x_wconf 84' lang='lat' dir='ltr'><strong>elemosinam</strong></span> <span class='ocrx_word' id='word_1_207' title='bbox 1343 3077 1656 3144; x_wconf 84' lang='lat' dir='ltr'><strong>canonicis</strong></span> <span class='ocrx_word' id='word_1_208' title='bbox 1697 3077 1862 3144; x_wconf 80' lang='lat' dir='ltr'><strong>dicte</strong></span> <span class='ocrx_word' id='word_1_209' title='bbox 1891 3076 2149 3143; x_wconf 86' lang='lat' dir='ltr'><strong>ecclesie</strong></span> <span class='ocrx_word' id='word_1_210' title='bbox 2178 3077 2245 3141; x_wconf 91' lang='lat' dir='ltr'><strong>in</strong></span> <span class='ocrx_word' id='word_1_211' title='bbox 2275 3092 2643 3166; x_wconf 86' lang='lat' dir='ltr'><strong>perpetuum</strong></span> <span class='ocrx_word' id='word_1_212' title='bbox 2674 3102 3071 3166; x_wconf 85' lang='lat' dir='ltr'><strong>permansura</strong></span> <span class='ocrx_word' id='word_1_213' title='bbox 3108 3078 3263 3144; x_wconf 87' lang='lat' dir='ltr'><strong>adeo</strong></span> <span class='ocrx_word' id='word_1_214' title='bbox 3301 3077 3495 3143; x_wconf 87' lang='lat' dir='ltr'><strong>libere</strong></span> <span class='ocrx_word' id='word_1_215' title='bbox 3524 3076 3683 3143; x_wconf 84' lang='lat' dir='ltr'><strong>sicut</strong></span> 
     </span>
     <span class='ocr_line' id='line_1_21' title="bbox 917 3183 3683 3276; baseline -0.004 -19"><span class='ocrx_word' id='word_1_216' title='bbox 917 3190 1124 3276; x_wconf 78' lang='lat' dir='ltr'><strong>aliqua</strong></span> <span class='ocrx_word' id='word_1_217' title='bbox 1159 3188 1493 3255; x_wconf 89' lang='lat' dir='ltr'><strong>elemosina</strong></span> <span class='ocrx_word' id='word_1_218' title='bbox 1528 3185 1750 3251; x_wconf 90' lang='lat' dir='ltr'><strong>melius</strong></span> <span class='ocrx_word' id='word_1_219' title='bbox 1788 3200 1852 3251; x_wconf 90' lang='lat' dir='ltr'><strong>et</strong></span> <span class='ocrx_word' id='word_1_220' title='bbox 1879 3184 2134 3251; x_wconf 89' lang='lat' dir='ltr'><strong>liberius</strong></span> <span class='ocrx_word' id='word_1_221' title='bbox 2164 3184 2297 3251; x_wconf 86' lang='lat' dir='ltr'><strong>dari</strong></span> <span class='ocrx_word' id='word_1_222' title='bbox 2326 3198 2545 3273; x_wconf 83' lang='lat' dir='ltr'><strong>potest.</strong></span> <span class='ocrx_word' id='word_1_223' title='bbox 2633 3186 2757 3251; x_wconf 91' lang='lat' dir='ltr'><strong>Pro</strong></span> <span class='ocrx_word' id='word_1_224' title='bbox 2784 3186 2903 3251; x_wconf 83' lang='lat' dir='ltr'><strong>hac</strong></span> <span class='ocrx_word' id='word_1_225' title='bbox 2942 3200 3148 3251; x_wconf 88' lang='lat' dir='ltr'><strong>autem</strong></span> <span class='ocrx_word' id='word_1_226' title='bbox 3192 3183 3581 3250; x_wconf 87' lang='lat' dir='ltr'><strong>concessione</strong></span> <span class='ocrx_word' id='word_1_227' title='bbox 3618 3196 3683 3247; x_wconf 90' lang='lat' dir='ltr'><strong>et</strong></span> 
     </span>
     <span class='ocr_line' id='line_1_22' title="bbox 917 3288 3679 3382; baseline -0.004 -20"><span class='ocrx_word' id='word_1_228' title='bbox 917 3295 1128 3382; x_wconf 86' lang='lat' dir='ltr'><strong>quieta</strong></span> <span class='ocrx_word' id='word_1_229' title='bbox 1171 3291 1547 3359; x_wconf 83' lang='lat' dir='ltr'><strong>clamacione</strong></span> <span class='ocrx_word' id='word_1_230' title='bbox 1590 3304 1882 3357; x_wconf 85' lang='lat' dir='ltr'><strong>tenentur</strong></span> <span class='ocrx_word' id='word_1_231' title='bbox 1908 3290 2174 3378; x_wconf 78' lang='lat' dir='ltr'><strong>predicti</strong></span> <span class='ocrx_word' id='word_1_232' title='bbox 2203 3290 2485 3357; x_wconf 85' lang='lat' dir='ltr'><strong>canonici</strong></span> <span class='ocrx_word' id='word_1_233' title='bbox 2514 3290 2708 3357; x_wconf 89' lang='grc'><strong>11116111</strong></span> <span class='ocrx_word' id='word_1_234' title='bbox 2737 3304 2802 3356; x_wconf 88' lang='grc'><strong>61,</strong></span> <span class='ocrx_word' id='word_1_235' title='bbox 2830 3290 3162 3356; x_wconf 86' lang='lat' dir='ltr'><strong>heredibus</strong></span> <span class='ocrx_word' id='word_1_236' title='bbox 3206 3288 3361 3354; x_wconf 91' lang='lat' dir='ltr'><strong>meis</strong></span> <span class='ocrx_word' id='word_1_237' title='bbox 3390 3288 3536 3353; x_wconf 88' lang='lat' dir='ltr'><strong>dare</strong></span> <span class='ocrx_word' id='word_1_238' title='bbox 3570 3310 3679 3353; x_wconf 60' lang='lat' dir='ltr'><strong>am</strong></span> 
     </span>
     <span class='ocr_line' id='line_1_23' title="bbox 914 3394 3677 3483; baseline -0.003 -18"><span class='ocrx_word' id='word_1_239' title='bbox 914 3399 1154 3465; x_wconf 83' lang='lat' dir='ltr'><strong>nuatim</strong></span> <span class='ocrx_word' id='word_1_240' title='bbox 1199 3421 1395 3463; x_wconf 90' lang='lat' dir='ltr'><strong>unum</strong></span> <span class='ocrx_word' id='word_1_241' title='bbox 1423 3395 1640 3461; x_wconf 89' lang='lat' dir='ltr'><strong>florem</strong></span> <span class='ocrx_word' id='word_1_242' title='bbox 1683 3418 1819 3460; x_wconf 89' lang='lat' dir='ltr'><strong>rose</strong></span> <span class='ocrx_word' id='word_1_243' title='bbox 1854 3394 1924 3459; x_wconf 91' lang='lat' dir='ltr'><strong>in</strong></span> <span class='ocrx_word' id='word_1_244' title='bbox 1964 3394 2066 3460; x_wconf 86' lang='lat' dir='ltr'><strong>die</strong></span> <span class='ocrx_word' id='word_1_245' title='bbox 2099 3394 2313 3460; x_wconf 79' lang='lat' dir='ltr'><strong>Sancti</strong></span> <span class='ocrx_word' id='word_1_246' title='bbox 2340 3394 2644 3460; x_wconf 71' lang='lat' dir='ltr'><strong>«Iohannis</strong></span> <span class='ocrx_word' id='word_1_247' title='bbox 2674 3395 2954 3483; x_wconf 87' lang='lat' dir='ltr'><strong>Baptiste</strong></span> <span class='ocrx_word' id='word_1_248' title='bbox 2982 3396 3051 3459; x_wconf 89' lang='lat' dir='ltr'><strong>in</strong></span> <span class='ocrx_word' id='word_1_249' title='bbox 3086 3394 3345 3461; x_wconf 85' lang='lat' dir='ltr'><strong>ecclesia</strong></span> <span class='ocrx_word' id='word_1_250' title='bbox 3372 3394 3677 3460; x_wconf 88' lang='lat' dir='ltr'><strong>Omnium</strong></span> 
     </span>
     <span class='ocr_line' id='line_1_24' title="bbox 919 3498 3677 3591; baseline -0.003 -19"><span class='ocrx_word' id='word_1_251' title='bbox 919 3506 1288 3572; x_wconf 86' lang='lat' dir='ltr'><strong>Sanctorum</strong></span> <span class='ocrx_word' id='word_1_252' title='bbox 1332 3501 1626 3591; x_wconf 88' lang='lat' dir='ltr'><strong>predicta.</strong></span> <span class='ocrx_word' id='word_1_253' title='bbox 1715 3500 1923 3581; x_wconf 83' lang='lat' dir='ltr'><strong>Quare</strong></span> <span class='ocrx_word' id='word_1_254' title='bbox 1969 3524 2087 3589; x_wconf 88' lang='lat' dir='ltr'><strong>ego</strong></span> <span class='ocrx_word' id='word_1_255' title='bbox 2114 3500 2433 3566; x_wconf 70' lang='lat' dir='ltr'><strong>«Iohannes</strong></span> <span class='ocrx_word' id='word_1_256' title='bbox 2468 3500 2635 3565; x_wconf 91' lang='lat' dir='ltr'><strong>filius</strong></span> <span class='ocrx_word' id='word_1_257' title='bbox 2672 3500 2789 3565; x_wconf 87' lang='lat' dir='ltr'><strong>fflii</strong></span> <span class='ocrx_word' id='word_1_258' title='bbox 2818 3500 3123 3566; x_wconf 89' lang='lat' dir='ltr'><strong>Dermicii</strong></span> <span class='ocrx_word' id='word_1_259' title='bbox 3168 3515 3232 3567; x_wconf 89' lang='lat' dir='ltr'><strong>et</strong></span> <span class='ocrx_word' id='word_1_260' title='bbox 3258 3498 3516 3567; x_wconf 88' lang='lat' dir='ltr'><strong>heredes</strong></span> <span class='ocrx_word' id='word_1_261' title='bbox 3553 3500 3677 3565; x_wconf 90' lang='lat' dir='ltr'><strong>mei</strong></span> 
     </span>
     <span class='ocr_line' id='line_1_25' title="bbox 916 3605 3680 3699; baseline -0.003 -22"><span class='ocrx_word' id='word_1_262' title='bbox 916 3612 986 3677; x_wconf 92' lang='lat' dir='ltr'><strong>in</strong></span> <span class='ocrx_word' id='word_1_263' title='bbox 1023 3622 1393 3699; x_wconf 88' lang='lat' dir='ltr'><strong>perpetuum</strong></span> <span class='ocrx_word' id='word_1_264' title='bbox 1422 3607 1734 3673; x_wconf 81' lang='lat' dir='ltr'><strong>Batellum</strong></span> <span class='ocrx_word' id='word_1_265' title='bbox 1763 3620 1828 3671; x_wconf 86' lang='lat' dir='ltr'><strong>et</strong></span> <span class='ocrx_word' id='word_1_266' title='bbox 1845 3606 1953 3692; x_wconf 84' lang='lat' dir='ltr'><strong>jus</strong></span> <span class='ocrx_word' id='word_1_267' title='bbox 1982 3605 2262 3694; x_wconf 82' lang='lat' dir='ltr'><strong>piscandi</strong></span> <span class='ocrx_word' id='word_1_268' title='bbox 2291 3606 2641 3693; x_wconf 84' lang='lat' dir='ltr'><strong>predictum</strong></span> <span class='ocrx_word' id='word_1_269' title='bbox 2668 3606 2737 3671; x_wconf 92' lang='lat' dir='ltr'><strong>in</strong></span> <span class='ocrx_word' id='word_1_270' title='bbox 2777 3607 2953 3692; x_wconf 88' lang='lat' dir='ltr'><strong>aquis</strong></span> <span class='ocrx_word' id='word_1_271' title='bbox 2981 3606 3226 3672; x_wconf 92' lang='lat' dir='ltr'><strong>Dublin</strong></span> <span class='ocrx_word' id='word_1_272' title='bbox 3269 3605 3563 3693; x_wconf 84' lang='lat' dir='ltr'><strong>predictis</strong></span> <span class='ocrx_word' id='word_1_273' title='bbox 3606 3618 3680 3669; x_wconf 87' lang='lat' dir='ltr'><strong>ut</strong></span> 
     </span>
     <span class='ocr_line' id='line_1_26' title="bbox 913 3708 3675 3804; baseline -0.002 -25"><span class='ocrx_word' id='word_1_274' title='bbox 913 3714 1264 3804; x_wconf 88' lang='lat' dir='ltr'><strong>predictum</strong></span> <span class='ocrx_word' id='word_1_275' title='bbox 1293 3725 1387 3778; x_wconf 85' lang='lat' dir='ltr'><strong>est</strong></span> <span class='ocrx_word' id='word_1_276' title='bbox 1413 3724 1748 3776; x_wconf 86' lang='lat' dir='ltr'><strong>memorate</strong></span> <span class='ocrx_word' id='word_1_277' title='bbox 1785 3708 2040 3775; x_wconf 86' lang='lat' dir='ltr'><strong>ecclesie</strong></span> <span class='ocrx_word' id='word_1_278' title='bbox 2070 3708 2373 3773; x_wconf 91' lang='lat' dir='ltr'><strong>Omnium</strong></span> <span class='ocrx_word' id='word_1_279' title='bbox 2408 3708 2775 3774; x_wconf 87' lang='lat' dir='ltr'><strong>Sanctorum</strong></span> <span class='ocrx_word' id='word_1_280' title='bbox 2804 3724 2869 3775; x_wconf 92' lang='grc'><strong>61,</strong></span> <span class='ocrx_word' id='word_1_281' title='bbox 2906 3709 3185 3795; x_wconf 89' lang='lat' dir='ltr'><strong>ejusdem</strong></span> <span class='ocrx_word' id='word_1_282' title='bbox 3214 3709 3335 3774; x_wconf 92' lang='lat' dir='ltr'><strong>loci</strong></span> <span class='ocrx_word' id='word_1_283' title='bbox 3364 3708 3675 3774; x_wconf 88' lang='lat' dir='ltr'><strong>canonicis</strong></span> 
     </span>
     <span class='ocr_line' id='line_1_27' title="bbox 919 3815 3677 3905; baseline -0.003 -18"><span class='ocrx_word' id='word_1_284' title='bbox 919 3834 1131 3889; x_wconf 86' lang='lat' dir='ltr'><strong>contra</strong></span> <span class='ocrx_word' id='word_1_285' title='bbox 1159 3842 1371 3885; x_wconf 91' lang='lat' dir='ltr'><strong>omnes</strong></span> <span class='ocrx_word' id='word_1_286' title='bbox 1399 3818 1680 3883; x_wconf 90' lang='lat' dir='ltr'><strong>homines</strong></span> <span class='ocrx_word' id='word_1_287' title='bbox 1709 3831 1773 3882; x_wconf 85' lang='lat' dir='ltr'><strong>et</strong></span> <span class='ocrx_word' id='word_1_288' title='bbox 1799 3816 2058 3882; x_wconf 81' lang='lat' dir='ltr'><strong>feminas</strong></span> <span class='ocrx_word' id='word_1_289' title='bbox 2101 3816 2637 3882; x_wconf 81' lang='lat' dir='ltr'><strong>warentizabimus</strong></span> <span class='ocrx_word' id='word_1_290' title='bbox 2683 3829 2747 3882; x_wconf 87' lang='lat' dir='ltr'><strong>et</strong></span> <span class='ocrx_word' id='word_1_291' title='bbox 2765 3817 2836 3881; x_wconf 92' lang='lat' dir='ltr'><strong>in</strong></span> <span class='ocrx_word' id='word_1_292' title='bbox 2860 3829 3227 3905; x_wconf 84' lang='lat' dir='ltr'><strong>perpetuum</strong></span> <span class='ocrx_word' id='word_1_293' title='bbox 3257 3815 3677 3882; x_wconf 87' lang='lat' dir='ltr'><strong>defendemus.</strong></span> 
     </span>
     <span class='ocr_line' id='line_1_28' title="bbox 918 3920 3674 4010; baseline -0.003 -19"><span class='ocrx_word' id='word_1_294' title='bbox 918 3927 1006 3992; x_wconf 87' lang='lat' dir='ltr'><strong>Et</strong></span> <span class='ocrx_word' id='word_1_295' title='bbox 1032 3939 1105 3991; x_wconf 87' lang='lat' dir='ltr'><strong>ut</strong></span> <span class='ocrx_word' id='word_1_296' title='bbox 1131 3926 1250 3991; x_wconf 91' lang='grc'><strong>1166</strong></span> <span class='ocrx_word' id='word_1_297' title='bbox 1277 3948 1416 3989; x_wconf 89' lang='lat' dir='ltr'><strong>mea</strong></span> <span class='ocrx_word' id='word_1_298' title='bbox 1454 3922 1764 3989; x_wconf 90' lang='lat' dir='ltr'><strong>concessio</strong></span> <span class='ocrx_word' id='word_1_299' title='bbox 1803 3934 1868 3987; x_wconf 91' lang='lat' dir='ltr'><strong>et</strong></span> <span class='ocrx_word' id='word_1_300' title='bbox 1897 3920 2108 4007; x_wconf 85' lang='lat' dir='ltr'><strong>quieta</strong></span> <span class='ocrx_word' id='word_1_301' title='bbox 2135 3921 2432 3986; x_wconf 86' lang='lat' dir='ltr'><strong>clamacio</strong></span> <span class='ocrx_word' id='word_1_302' title='bbox 2468 3936 2603 3987; x_wconf 84' lang='lat' dir='ltr'><strong>rata</strong></span> <span class='ocrx_word' id='word_1_303' title='bbox 2638 3934 2703 3987; x_wconf 83' lang='grc'><strong>61,</strong></span> <span class='ocrx_word' id='word_1_304' title='bbox 2728 3924 2905 3989; x_wconf 88' lang='lat' dir='ltr'><strong>firma</strong></span> <span class='ocrx_word' id='word_1_305' title='bbox 2931 3922 2999 3987; x_wconf 90' lang='lat' dir='ltr'><strong>in</strong></span> <span class='ocrx_word' id='word_1_306' title='bbox 3035 3935 3405 4010; x_wconf 79' lang='lat' dir='ltr'><strong>perpetuum</strong></span> <span class='ocrx_word' id='word_1_307' title='bbox 3434 3944 3674 4007; x_wconf 85' lang='lat' dir='ltr'><strong>perma-</strong></span> 
     </span>
     <span class='ocr_line' id='line_1_29' title="bbox 914 4024 3678 4118; baseline -0.003 -20"><span class='ocrx_word' id='word_1_308' title='bbox 914 4045 1104 4098; x_wconf 84' lang='lat' dir='ltr'><strong>neant</strong></span> <span class='ocrx_word' id='word_1_309' title='bbox 1127 4068 1141 4082; x_wconf 92' lang='lat'><strong>·</strong></span> <span class='ocrx_word' id='word_1_310' title='bbox 1165 4051 1412 4118; x_wconf 87' lang='lat' dir='ltr'><strong>presens</strong></span> <span class='ocrx_word' id='word_1_311' title='bbox 1440 4026 1737 4115; x_wconf 85' lang='lat' dir='ltr'><strong>scriptum</strong></span> <span class='ocrx_word' id='word_1_312' title='bbox 1766 4024 1956 4113; x_wconf 88' lang='lat' dir='ltr'><strong>sigilli</strong></span> <span class='ocrx_word' id='word_1_313' title='bbox 1984 4024 2108 4089; x_wconf 91' lang='lat' dir='ltr'><strong>mei</strong></span> <span class='ocrx_word' id='word_1_314' title='bbox 2135 4024 2537 4112; x_wconf 85' lang='lat' dir='ltr'><strong>impressione</strong></span> <span class='ocrx_word' id='word_1_315' title='bbox 2564 4028 2868 4092; x_wconf 84' lang='lat' dir='ltr'><strong>roboravi.</strong></span> <span class='ocrx_word' id='word_1_316' title='bbox 2914 4025 3059 4093; x_wconf 92' lang='lat' dir='ltr'><strong>Hiis</strong></span> <span class='ocrx_word' id='word_1_317' title='bbox 3088 4026 3346 4093; x_wconf 78' lang='lat' dir='ltr'><strong>testibus</strong></span> <span class='ocrx_word' id='word_1_318' title='bbox 3370 4065 3383 4078; x_wconf 90' lang='lat'><strong>·</strong></span> <span class='ocrx_word' id='word_1_319' title='bbox 3410 4024 3678 4091; x_wconf 88' lang='lat' dir='ltr'><strong>dominis</strong></span> 
     </span>
     <span class='ocr_line' id='line_1_30' title="bbox 916 4127 3675 4219; baseline -0.003 -17"><span class='ocrx_word' id='word_1_320' title='bbox 916 4136 1190 4202; x_wconf 85' lang='lat' dir='ltr'><strong>Roberto</strong></span> <span class='ocrx_word' id='word_1_321' title='bbox 1209 4131 1492 4198; x_wconf 87' lang='lat' dir='ltr'><strong>Talebod</strong></span> <span class='ocrx_word' id='word_1_322' title='bbox 1515 4168 1529 4181; x_wconf 93' lang='lat'><strong>·</strong></span> <span class='ocrx_word' id='word_1_323' title='bbox 1551 4128 1913 4217; x_wconf 83' lang='lat' dir='ltr'><strong>Augustino</strong></span> <span class='ocrx_word' id='word_1_324' title='bbox 1940 4127 2070 4192; x_wconf 91' lang='lat' dir='ltr'><strong>filio</strong></span> <span class='ocrx_word' id='word_1_325' title='bbox 2101 4128 2335 4217; x_wconf 87' lang='lat' dir='ltr'><strong>Rogeri</strong></span> <span class='ocrx_word' id='word_1_326' title='bbox 2364 4128 2667 4196; x_wconf 88' lang='lat' dir='ltr'><strong>militibus</strong></span> <span class='ocrx_word' id='word_1_327' title='bbox 2700 4170 2713 4183; x_wconf 90' lang='lat'><strong>·</strong></span> <span class='ocrx_word' id='word_1_328' title='bbox 2747 4132 2994 4197; x_wconf 88' lang='lat' dir='ltr'><strong>Thoma</strong></span> <span class='ocrx_word' id='word_1_329' title='bbox 3022 4131 3101 4197; x_wconf 92' lang='lat' dir='ltr'><strong>de</strong></span> <span class='ocrx_word' id='word_1_330' title='bbox 3128 4131 3495 4219; x_wconf 82' lang='lat' dir='ltr'><strong>Wyncestr:</strong></span> <span class='ocrx_word' id='word_1_331' title='bbox 3525 4142 3675 4195; x_wconf 86' lang='lat' dir='ltr'><strong>tunc</strong></span> 
     </span>
     <span class='ocr_line' id='line_1_31' title="bbox 915 4233 3675 4328; baseline -0.002 -21"><span class='ocrx_word' id='word_1_332' title='bbox 915 4242 1147 4328; x_wconf 83' lang='lat' dir='ltr'><strong>majore</strong></span> <span class='ocrx_word' id='word_1_333' title='bbox 1183 4236 1425 4303; x_wconf 89' lang='lat' dir='ltr'><strong>Dublin</strong></span> <span class='ocrx_word' id='word_1_334' title='bbox 1451 4274 1464 4287; x_wconf 93' lang='lat'><strong>·</strong></span> <span class='ocrx_word' id='word_1_335' title='bbox 1488 4234 1866 4323; x_wconf 84' lang='lat' dir='ltr'><strong>Raymundo</strong></span> <span class='ocrx_word' id='word_1_336' title='bbox 1896 4233 2206 4322; x_wconf 84' lang='lat' dir='ltr'><strong>Peytevin</strong></span> <span class='ocrx_word' id='word_1_337' title='bbox 2240 4237 2365 4321; x_wconf 89' lang='grc'><strong>[61,]</strong></span> <span class='ocrx_word' id='word_1_338' title='bbox 2398 4234 2743 4303; x_wconf 84' lang='lat' dir='ltr'><strong>Laurencio</strong></span> <span class='ocrx_word' id='word_1_339' title='bbox 2760 4238 2819 4303; x_wconf 93' lang='lat' dir='ltr'><strong>le</strong></span> <span class='ocrx_word' id='word_1_340' title='bbox 2839 4238 3081 4303; x_wconf 84' lang='lat' dir='ltr'><strong>Taillm·</strong></span> <span class='ocrx_word' id='word_1_341' title='bbox 3108 4250 3260 4303; x_wconf 88' lang='lat' dir='ltr'><strong>tunc</strong></span> <span class='ocrx_word' id='word_1_342' title='bbox 3302 4236 3629 4324; x_wconf 87' lang='lat' dir='ltr'><strong>prepositis</strong></span> <span class='ocrx_word' id='word_1_343' title='bbox 3662 4274 3675 4286; x_wconf 94' lang='lat'><strong>·</strong></span> 
     </span>
     <span class='ocr_line' id='line_1_32' title="bbox 921 4336 3671 4436; baseline -0.003 -22"><span class='ocrx_word' id='word_1_344' title='bbox 921 4350 1194 4436; x_wconf 81' lang='lat' dir='ltr'><strong>Symone</strong></span> <span class='ocrx_word' id='word_1_345' title='bbox 1224 4341 1444 4410; x_wconf 85' lang='lat' dir='ltr'><strong>Umed</strong></span> <span class='ocrx_word' id='word_1_346' title='bbox 1475 4380 1488 4393; x_wconf 95' lang='lat'><strong>·</strong></span> <span class='ocrx_word' id='word_1_347' title='bbox 1519 4341 1802 4407; x_wconf 80' lang='lat' dir='ltr'><strong>Waltero</strong></span> <span class='ocrx_word' id='word_1_348' title='bbox 1841 4336 2060 4405; x_wconf 88' lang='lat' dir='ltr'><strong>Unred</strong></span> <span class='ocrx_word' id='word_1_349' title='bbox 2092 4376 2106 4389; x_wconf 93' lang='lat'><strong>·</strong></span> <span class='ocrx_word' id='word_1_350' title='bbox 2131 4336 2456 4403; x_wconf 89' lang='lat' dir='ltr'><strong>Willelmo</strong></span> <span class='ocrx_word' id='word_1_351' title='bbox 2497 4339 2575 4404; x_wconf 89' lang='lat' dir='ltr'><strong>de</strong></span> <span class='ocrx_word' id='word_1_352' title='bbox 2607 4340 3019 4429; x_wconf 84' lang='lat' dir='ltr'><strong>Balyheneny</strong></span> <span class='ocrx_word' id='word_1_353' title='bbox 3045 4380 3057 4393; x_wconf 93' lang='lat'><strong>·</strong></span> <span class='ocrx_word' id='word_1_354' title='bbox 3084 4340 3361 4406; x_wconf 89' lang='lat' dir='ltr'><strong>Henrico</strong></span> <span class='ocrx_word' id='word_1_355' title='bbox 3392 4340 3631 4405; x_wconf 81' lang='lat' dir='ltr'><strong>Lawles</strong></span> <span class='ocrx_word' id='word_1_356' title='bbox 3660 4380 3671 4391; x_wconf 94' lang='lat'><strong>·</strong></span> 
     </span>
    </p>
   </div>
   <div class='ocr_carea' id='block_1_6' title="bbox 917 4443 3667 4620">
    <p class='ocr_par' dir='ltr' id='par_1_6' title="bbox 917 4443 3667 4620">
     <span class='ocr_line' id='line_1_33' title="bbox 917 4443 3587 4543; baseline -0.004 -23"><span class='ocrx_word' id='word_1_357' title='bbox 917 4454 1209 4543; x_wconf 78' lang='lat' dir='ltr'><strong>magistro</strong></span> <span class='ocrx_word' id='word_1_358' title='bbox 1225 4446 1560 4537; x_wconf 69' lang='lat' dir='ltr'><strong>Radulpho</strong></span> <span class='ocrx_word' id='word_1_359' title='bbox 1581 4444 1662 4514; x_wconf 90' lang='lat' dir='ltr'><strong>de</strong></span> <span class='ocrx_word' id='word_1_360' title='bbox 1689 4445 1960 4534; x_wconf 83' lang='lat' dir='ltr'><strong>Stygoyl</strong></span> <span class='ocrx_word' id='word_1_361' title='bbox 1987 4444 2214 4511; x_wconf 89' lang='lat' dir='ltr'><strong>clerico</strong></span> <span class='ocrx_word' id='word_1_362' title='bbox 2246 4483 2259 4497; x_wconf 93' lang='lat'><strong>·</strong></span> <span class='ocrx_word' id='word_1_363' title='bbox 2291 4443 2355 4509; x_wconf 84' lang='lat' dir='ltr'>N</span> <span class='ocrx_word' id='word_1_364' title='bbox 2354 4444 2599 4512; x_wconf 84' lang='lat' dir='ltr'><strong>icholao</strong></span> <span class='ocrx_word' id='word_1_365' title='bbox 2623 4446 3059 4535; x_wconf 86' lang='lat' dir='ltr'><strong>Leonynistrie</strong></span> <span class='ocrx_word' id='word_1_366' title='bbox 3088 4446 3312 4513; x_wconf 90' lang='lat' dir='ltr'><strong>clerico</strong></span> <span class='ocrx_word' id='word_1_367' title='bbox 3341 4460 3406 4513; x_wconf 85' lang='lat' dir='ltr'><strong>et</strong></span> <span class='ocrx_word' id='word_1_368' title='bbox 3434 4446 3587 4511; x_wconf 85' lang='lat' dir='ltr'><strong>aliis.</strong></span> 
     </span>
     <span class='ocr_line' id='line_1_34' title="bbox 3407 4552 3667 4620; baseline 0.008 -3"><span class='ocrx_word' id='word_1_369' title='bbox 3407 4552 3667 4620; x_wconf 92' lang='lat' dir='ltr'><strong>XVIII.</strong></span> 
     </span>
    </p>
   </div>
  </div>
 </body>
</html>
