4295 5410
2182 629 2315 723 136

875 818 946 874 de
974 818 1140 892 Rupe
1168 816 1347 892 juxta
1374 813 1772 882 Glendelache‚
1803 814 2090 871 Dominus
2117 810 2451 871 Willielmus
2478 810 2765 889 Αηθίἱστιε,
2796 810 3069 871 Gilbertus
3094 813 3163 869 de
3190 813 3426 886 Beaufh‚
3452 812 3653 869 Ricar-

872 918 981 975 dus
1007 915 1214 985 Lanka,
1244 916 1357 972 and
1383 912 1924 973 others.”—Alan’⁸
1948 913 2101 991 Ray„
2134 914 2366 990 college
2394 914 2573 991 Copy,
2607 912 2737 988 364.

1998 1055 2156 1132 Paqe
2186 1071 2277 1129 72,
2306 1054 2421 1113 line
2446 1070 2467 1109 1
2486 1069 2531 1109 1.

996 1173 1332 1232 Waleranus
1357 1176 1424 1233 de
1461 1172 1940 1251 Wellesleylz.—In
1977 1173 2232 1252 Lynch’s
2260 1172 2479 1230 Feudal
2516 1168 2823 1247 Dignities‚
2866 1189 2920 1245 p.
2953 1168 3046 1243 69,
3086 1168 3375 1227 reference
3409 1168 3459 1224 is
3494 1166 3659 1224 made

879 1283 940 1331 to
969 1272 1086 1330 this
1114 1274 1360 1339 charter‚
1389 1294 1450 1331 as
1487 1274 1744 1349 existing
1769 1274 1829 1330 in
1857 1273 1958 1331 the
1983 1272 2143 1331 office
2170 1273 2237 1329 of
2254 1270 2357 1331 the
2385 1272 2565 1328 Town
2594 1267 2789 1335 Clerk,
2818 1267 3011 1325 where
3038 1268 3087 1325 it
3122 1267 3171 1324 is
3198 1276 3301 1324 not
3341 1286 3471 1323 now
3502 1276 3561 1323 to
3588 1267 3661 1323 be

879 1372 1077 1430 found.
1160 1373 1472 1450 Crevaghe,
1513 1392 1580 1431 or
1609 1371 1894 1442 Crewath‚
1929 1374 1978 1431 is
2013 1393 2145 1431 now
2175 1370 2429 1448 Cruagh.
2510 1371 2581 1429 In
2624 1369 2727 1428 the
2763 1367 2993 1427 charter
3020 1368 3087 1425 of
3107 1369 3258 1426 Hen.
3289 1368 3419 1435 ΙΙΙ.,
3450 1365 3661 1424 deaffo-

877 1470 1098 1546 resting
1125 1470 1226 1527 the
1251 1470 1416 1527 lands
1441 1470 1510 1527 of
1525 1470 1628 1528 the
1657 1468 2042 1547 Archbishop‚
2076 1468 2367 1528 Crevache
2402 1468 2453 1525 is
2480 1466 2661 1525 called
2688 1466 2789 1524 the
2814 1466 2951 1523 land
2978 1465 3044 1523 of
3064 1465 3316 1523 Richard
3353 1464 3425 1521 de
3450 1464 3663 1522 Sancto

881 1568 1177 1639 Michaele,
1206 1569 1356 1626 from
1382 1569 1575 1627 whose
1601 1568 1802 1647 family
1829 1569 2141 1647 Wellesley
2166 1567 2283 1625 had
2306 1566 2578 1643 acquired
2604 1566 2669 1623 it.

1000 1668 1059 1725 It
1093 1687 1244 1746 may,
1283 1666 1545 1744 perhapS‚
1574 1668 1649 1725 be
1683 1666 1940 1744 thought
1965 1666 2264 1725 allowable
2304 1666 2367 1723 in
2392 1664 2495 1723 the
2522 1664 2730 1721 Editor
2772 1670 2834 1719 to
2859 1664 3045 1720 insert
3071 1662 3211 1719 here
3236 1681 3310 1719 an
3338 1667 3665 1737 agreement

881 1766 1047 1825 made
1071 1766 1268 1827 before
1294 1766 1566 1823 Waleran
1596 1766 1668 1823 de
1683 1764 1995 1845 Wellesley
2015 1767 2129 1823 and
2156 1766 2323 1825 other
2342 1767 2621 1825 itinerant
2648 1767 2689 1824 J
2690 1765 2921 1833 usticeS,
2960 1766 3202 1823 relative
3242 1776 3304 1823 to
3332 1764 3431 1822 the
3470 1764 3663 1841 parish

884 1862 951 1920 of
972 1863 1152 1920 Trim.
1223 1864 1282 1921 It
1307 1864 1358 1921 is
1385 1862 1563 1920 taken
1589 1863 1738 1921 from
1767 1863 1974 1921 Alan's
2000 1862 2292 1941 Registry‚
2326 1862 2558 1938 College
2584 1880 2746 1939 copy,
2777 1880 2834 1937 p.
2872 1862 2957 1918 18.

889 2036 924 2060 “
955 2044 1311 2085 conconnu
1341 2044 1530 2086 mrsu
1563 2044 1924 2085 <mmmmm
1953 2043 2245 2085 Gnnvrnt.
2273 2044 2354 2085 ΕΤ
2386 2043 2689 2084 anconem
2727 2043 2819 2083 ΕΡ.
2862 2043 3109 2084 nunnus.
3153 2044 3341 2083 sumn
3382 2043 3663 2083 AnvocA-

1884 2143 2070 2183 cmm:
2099 2142 2350 2183 scenes-
2381 2142 2462 2183 nn
2495 2142 2665 2183 ram.

1007 2252 1044 2279 “
1073 2246 1198 2305 Hec
1225 2255 1313 2304 est
1337 2246 1527 2305 finalis
1557 2248 1858 2305 concordia
1884 2248 2034 2305 facta
2071 2248 2134 2305 in
2162 2248 2325 2304 curia
2373 2248 2607 2305 Domini
2648 2249 2923 2306 Edwardi
2962 2249 3210 2307 illustris
3238 2252 3412 2328 Regis
3453 2253 3669 2328 Anglie

885 2346 1257 2422 primogeniti
1283 2347 1440 2423 apud
1481 2347 1705 2404 Dublin
1749 2348 1812 2404 in
1839 2348 2089 2405 crastino
2115 2348 2309 2405 clause
2335 2346 2554 2405 Pasche
2579 2347 2757 2406 Anno
2785 2350 3027 2407 Henrici
3052 2348 3158 2406 filii
3188 2350 3361 2427 Regis
3388 2351 3670 2411 Johannis

887 2447 1068 2526 (xlij.)
1093 2448 1299 2505 Coram
1327 2448 1636 2505 Walerano
1662 2447 1734 2505 de
1767 2448 2099 2526 Wellesley‚
2131 2448 2473 2505 Alexandro
2500 2448 2571 2505 de
2604 2448 2663 2505 N
2664 2449 3009 2525 ottingham,
3040 2450 3323 2525 Magistro
3352 2452 3669 2509 Willielmo

887 2547 957 2604 de
985 2546 1320 2623 Wakepure
1349 2557 1409 2604 et
1436 2547 1725 2604 Richardo
1753 2549 1938 2605 Exon.
1967 2548 2008 2605 J
2010 2548 2325 2606 usticiariis
2353 2548 2767 2606 itinerantibus
2794 2557 2853 2605 et
2880 2547 3007 2605 aliis
3032 2549 3218 2625 ipsius
3239 2550 3476 2607 Domini
3498 2552 3670 2626 Regis

885 2646 1156 2707 fidelibus
1195 2646 1412 2708 ibidem
1455 2656 1600 2704 tunc
1644 2647 2014 2724 presentibus
2054 2647 2210 2704 inter
2240 2646 2567 2703 Galfridum
2598 2645 2668 2703 de
2706 2646 2960 2724 Genvyll
2999 2656 3059 2704 et
3098 2647 3401 2705 Matildam
3427 2668 3671 2708 uxorem

887 2749 1014 2823 ejus
1055 2747 1434 2824 impedientes
1481 2757 1541 2806 et
1582 2748 1892 2824 Hugonem
1936 2748 2258 2806 Midensem
2304 2749 2657 2824 Episcopum
2704 2747 3113 2806 deforciantem
3172 2749 3243 2806 de
3302 2750 3675 2808 advocatione

887 2847 1140 2904 Ecclesie
1177 2846 1247 2903 de
1276 2847 1458 2924 Trym
1499 2846 1656 2904 unde
1682 2848 1884 2904 assissa
1911 2846 2121 2905 ultime
2151 2847 2594 2923 presentationis
2639 2856 2872 2923 sumpta
2902 2847 3019 2905 suit
3046 2849 3202 2905 inter
3237 2867 3331 2905 eos
3370 2849 3431 2905 in
3478 2849 3673 2906 eadem

891 2947 1071 3002 Curia
1099 2946 1318 3002 scilicet
1344 2945 1501 3021 quod
1539 2945 1786 3022 predicti
1815 2945 2114 3004 Galfridus
2140 2953 2199 3002 et
2238 2945 2481 3002 Matilda
2522 2945 2871 3002 remiserunt
2898 2954 2958 3002 et
2984 2947 3251 3021 quietum
3278 2946 3674 3004 clamaverunt

889 3064 996 3119 pro
1024 3063 1084 3101 se
1103 3053 1162 3101 et
1177 3043 1488 3102 heredibus
1504 3045 1690 3121 ipsius
1711 3044 1954 3102 Matilde
1969 3044 2230 3121 predicto
2248 3044 2533 3120 Episcopo
2550 3053 2609 3100 et
2629 3045 3053 3102 successoribus
3080 3046 3201 3102 suis
3218 3056 3278 3102 et
3294 3046 3545 3103 Ecclesie
3573 3064 3675 3102 sue

891 3140 1140 3197 Midensi
1169 3148 1360 3197 totum
1382 3141 1484 3215 jus
1521 3150 1580 3198 et
1607 3141 1880 3196 clamium
1907 3140 2064 3216 quod
2089 3139 2427 3198 habuerunt
2453 3140 2547 3197 vel
2584 3139 2799 3198 habere
2836 3151 3163 3218 potuerunt
3201 3144 3262 3199 in
3290 3143 3550 3219 predicta
3576 3145 3674 3200 ad-

889 3240 1189 3296 vocatione
1215 3239 1278 3295 in
1302 3248 1654 3316 perpetuum
1681 3248 1741 3296 et
1761 3259 1867 3315 pro
1895 3238 2003 3297 hac
2032 3239 2364 3296 remissione
2386 3239 2583 3314 quieta
2608 3238 2952 3298 clamacione
2991 3239 3105 3298 fine
3132 3250 3192 3299 et
3218 3241 3519 3299 concordia
3546 3262 3674 3318 pre-

892 3337 1083 3394 dictus
1110 3337 1429 3413 Episcopus
1455 3337 1733 3394 concessit
1766 3356 1872 3412 pro
1913 3355 1973 3393 se
1998 3344 2058 3392 et
2099 3334 2521 3393 successoribus
2550 3335 2669 3390 suis
2712 3343 2771 3391 et
2800 3336 3055 3395 Ecclesia
3094 3356 3199 3393 sua
3223 3337 3482 3413 predicta
3521 3339 3677 3413 quod

892 3437 1188 3512 predictus
1237 3436 1536 3495 Galfridus
1588 3445 1648 3494 et
1694 3435 1937 3493 Matilda
1990 3444 2048 3492 et
2099 3434 2335 3492 heredes
2388 3434 2572 3509 ipsius
2626 3434 2868 3492 Matilde
2926 3435 3111 3509 quieti
3164 3437 3281 3492 sint
3322 3436 3394 3493 de
3440 3446 3675 3494 centum

895 3535 1090 3593 solidis
1116 3536 1380 3594 redditus
1406 3537 1478 3593 de
1514 3537 1708 3594 decem
1755 3535 1923 3592 libris
1966 3554 2108 3610 quas
2135 3534 2319 3590 eidem
2348 3534 2630 3610 Episcopo
2671 3534 2903 3591 ecclesie
2943 3535 3082 3609 jure
3124 3536 3400 3594 Midensis
3440 3537 3677 3594 reddere

895 3645 1321 3694 consueverunt
1346 3637 1646 3693 annuatim
1676 3635 1746 3692 de
1772 3635 1911 3692 villa
1938 3635 2008 3692 de
2037 3635 2219 3711 Trym
2250 3629 2371 3713 [et]
2402 3633 2473 3690 de
2504 3643 2679 3709 ponte
2715 3653 3018 3710 quousque
3058 3635 3209 3693 idem
3237 3637 3558 3713 Episcopus
3584 3639 3675 3695 vel

895 3755 1244 3794 successores
1261 3737 1352 3794 sui
1369 3737 1580 3794 eisdem
1601 3735 1862 3793 Galfrido
1881 3744 1942 3792 et
1962 3733 2205 3792 Matilde
2230 3734 2323 3790 vel
2344 3733 2655 3792 heredibus
2676 3735 2860 3811 ipsius
2878 3735 3121 3794 Matilde
3140 3736 3211 3793 de
3226 3746 3461 3794 centum
3482 3737 3677 3794 solidis

897 3845 1065 3892 terroe
1093 3836 1186 3892 vel
1214 3834 1476 3892 redditus
1505 3836 1564 3892 in
1593 3835 1776 3891 Midia
1801 3834 2183 3892 satisfecerint
2226 3853 2399 3908 quam
2426 3834 2611 3890 eidem
2639 3835 2922 3911 Episcopo
2960 3835 3054 3892 vel
3090 3837 3517 3894 successoribus
3557 3837 3679 3893 suis

897 3935 1080 3992 libere
1105 3944 1164 3992 et
1191 3935 1314 3992 sine
1339 3933 1789 3991 contradictione
1830 3934 2014 4009 ipsius
2042 3932 2289 3990 Galfridi
2338 3942 2397 3990 et
2426 3933 2667 3990 Matilde
2706 3943 2765 3991 et
2804 3935 3087 3992 heredum
3118 3937 3301 4012 ipsius
3330 3935 3571 3994 Matilde
3616 3936 3678 3991 in

900 4042 1226 4092 tenemento
1254 4053 1358 4090 suo
1384 4035 1475 4090 vel
1503 4034 1644 4092 alibi
1671 4034 1732 4089 in
1765 4033 1948 4089 Midia
1971 4031 2184 4088 habere
2211 4031 2409 4088 licebit
2434 4030 2755 4088 habendam
2782 4044 2841 4090 et
2871 4033 3172 4090 tenendam
3190 4035 3402 4092 eisdem
3420 4033 3679 4092 Galfrido

901 4145 960 4191 et
989 4133 1229 4191 Matilde
1255 4142 1316 4190 et
1349 4132 1660 4190 heredibus
1687 4132 1870 4208 ipsius
1898 4129 2140 4186 Matilde
2183 4129 2253 4186 de
2288 4128 2550 4204 predicto
2578 4128 2863 4205 Episcopo
2899 4139 2958 4186 et
2998 4131 3119 4187 suis
3162 4131 3585 4189 successoribus
3621 4140 3681 4188 et

901 4233 1158 4290 Ecclesia
1183 4251 1288 4290 sua
1313 4232 1570 4308 predicta
1595 4233 1778 4288 libere
1803 4242 1862 4287 et
1888 4230 2085 4306 quiete
2110 4229 2184 4285 ab
2212 4229 2368 4285 omni
2395 4229 2631 4285 servitio
2673 4239 2731 4285 et
2769 4229 3065 4304 predictus
3092 4231 3411 4307 Episcopus
3450 4238 3510 4288 et
3552 4250 3679 4287 suc-

903 4351 1148 4390 cessores
1189 4331 1282 4389 sui
1327 4331 1790 4389 warantizabunt
1816 4329 2104 4406 predictos
2131 4337 2366 4385 centum
2408 4327 2616 4384 solidos
2644 4336 2799 4385 terre
2838 4329 2931 4386 vel
2956 4329 3219 4388 redditus
3257 4341 3329 4387 ut
3354 4330 3681 4406 predictum

904 4445 991 4491 est
1017 4433 1292 4510 predictis
1342 4431 1602 4489 Galfrido
1641 4441 1699 4490 et
1727 4431 1968 4488 Matilde
2011 4439 2069 4486 et
2109 4428 2422 4485 heredibus
2461 4429 2645 4504 ipsius
2674 4429 2915 4487 Matilde
2958 4442 3160 4488 contra
3194 4451 3389 4489 omnes
3422 4430 3682 4489 homines

3230 4531 3676 4608 imperpetuum,
