<?xml version="1.0" encoding="UTF-8"?>
<!DOCTYPE html PUBLIC "-//W3C//DTD XHTML 1.0 Transitional//EN"
    "http://www.w3.org/TR/xhtml1/DTD/xhtml1-transitional.dtd">
<html xmlns="http://www.w3.org/1999/xhtml" xml:lang="en" lang="en">
 <head>
  <title>
</title>
<meta http-equiv="Content-Type" content="text/html;charset=utf-8" />
  <meta name='ocr-system' content='tesseract 3.04.00' />
  <meta name='ocr-capabilities' content='ocr_page ocr_carea ocr_par ocr_line ocrx_word'/>
</head>
<body>
  <div class='ocr_page' id='page_1' title='image "./registrumpriora00butlgoog_0074.png"; bbox 0 0 4295 5410; ppageno 0'>
   <div class='ocr_carea' id='block_1_1' title="bbox 2259 656 2418 728">
    <p class='ocr_par' dir='ltr' id='par_1_1' title="bbox 2259 656 2418 728">
     <span class='ocr_line' id='line_1_1' title="bbox 2259 656 2418 728; baseline -0.006 0"><span class='ocrx_word' id='word_1_1' title='bbox 2259 656 2418 728; x_wconf 72' lang='lat' dir='ltr'>lxiv</span> 
     </span>
    </p>
   </div>
   <div class='ocr_carea' id='block_1_2' title="bbox 917 837 3737 4539">
    <p class='ocr_par' dir='ltr' id='par_1_2' title="bbox 917 837 3737 4539">
     <span class='ocr_line' id='line_1_2' title="bbox 941 837 3731 928; baseline 0.002 -24"><span class='ocrx_word' id='word_1_2' title='bbox 941 839 1020 904; x_wconf 88' lang='lat' dir='ltr'>de</span> <span class='ocrx_word' id='word_1_3' title='bbox 1049 841 1266 906; x_wconf 87' lang='lat' dir='ltr'>eadem</span> <span class='ocrx_word' id='word_1_4' title='bbox 1297 837 1612 904; x_wconf 91' lang='lat' dir='ltr'>Willelmi</span> <span class='ocrx_word' id='word_1_5' title='bbox 1641 837 1874 902; x_wconf 88' lang='lat' dir='ltr'>Olinch</span> <span class='ocrx_word' id='word_1_6' title='bbox 1919 838 1996 904; x_wconf 91' lang='lat' dir='ltr'>de</span> <span class='ocrx_word' id='word_1_7' title='bbox 2041 838 2261 903; x_wconf 88' lang='lat' dir='ltr'>eadem</span> <span class='ocrx_word' id='word_1_8' title='bbox 2302 841 2346 905; x_wconf 87' lang='lat' dir='ltr'><strong>J</strong></span> <span class='ocrx_word' id='word_1_9' title='bbox 2350 839 2610 905; x_wconf 89' lang='lat' dir='ltr'>ohannis</span> <span class='ocrx_word' id='word_1_10' title='bbox 2645 840 2879 928; x_wconf 82' lang='lat' dir='ltr'>Tayler</span> <span class='ocrx_word' id='word_1_11' title='bbox 2923 842 3002 907; x_wconf 92' lang='lat' dir='ltr'>de</span> <span class='ocrx_word' id='word_1_12' title='bbox 3033 841 3392 908; x_wconf 85' lang='lat' dir='ltr'>Balleowne</span> <span class='ocrx_word' id='word_1_13' title='bbox 3421 845 3465 909; x_wconf 87' lang='lat' dir='ltr'><strong>J</strong></span> <span class='ocrx_word' id='word_1_14' title='bbox 3470 844 3731 910; x_wconf 85' lang='lat' dir='ltr'>ohannis</span> 
     </span>
     <span class='ocr_line' id='line_1_3' title="bbox 943 945 3731 1030; baseline 0.003 -20"><span class='ocrx_word' id='word_1_15' title='bbox 943 945 1210 1012; x_wconf 86' lang='lat' dir='ltr'>Clinche</span> <span class='ocrx_word' id='word_1_16' title='bbox 1249 945 1327 1012; x_wconf 90' lang='lat' dir='ltr'>de</span> <span class='ocrx_word' id='word_1_17' title='bbox 1357 945 1418 1009; x_wconf 92' lang='lat' dir='ltr'>N</span> <span class='ocrx_word' id='word_1_18' title='bbox 1421 946 1707 1010; x_wconf 85' lang='lat' dir='ltr'>ewcastle</span> <span class='ocrx_word' id='word_1_19' title='bbox 1740 945 1996 1011; x_wconf 89' lang='lat' dir='ltr'>Patrick</span> <span class='ocrx_word' id='word_1_20' title='bbox 2019 946 2281 1011; x_wconf 89' lang='lat' dir='ltr'>Rushell</span> <span class='ocrx_word' id='word_1_21' title='bbox 2306 947 2383 1012; x_wconf 88' lang='lat' dir='ltr'>de</span> <span class='ocrx_word' id='word_1_22' title='bbox 2414 949 2634 1013; x_wconf 86' lang='lat' dir='ltr'>eadem</span> <span class='ocrx_word' id='word_1_23' title='bbox 2664 949 3233 1030; x_wconf 42' lang='lat' dir='ltr'>Roberti,Donnell</span> <span class='ocrx_word' id='word_1_24' title='bbox 3256 950 3334 1016; x_wconf 90' lang='lat' dir='ltr'>de</span> <span class='ocrx_word' id='word_1_25' title='bbox 3365 952 3583 1016; x_wconf 90' lang='lat' dir='ltr'>eadem</span> <span class='ocrx_word' id='word_1_26' title='bbox 3613 953 3731 1017; x_wconf 90' lang='lat' dir='ltr'>Pa-</span> 
     </span>
     <span class='ocr_line' id='line_1_4' title="bbox 943 1051 3731 1125; baseline 0.003 -9"><span class='ocrx_word' id='word_1_27' title='bbox 943 1052 1108 1117; x_wconf 91' lang='lat' dir='ltr'>tricii</span> <span class='ocrx_word' id='word_1_28' title='bbox 1119 1053 1322 1118; x_wconf 84' lang='lat' dir='ltr'>Jacob</span> <span class='ocrx_word' id='word_1_29' title='bbox 1345 1052 1424 1116; x_wconf 92' lang='lat' dir='ltr'>de</span> <span class='ocrx_word' id='word_1_30' title='bbox 1435 1051 1902 1117; x_wconf 89' lang='lat' dir='ltr'>Colmanstown</span> <span class='ocrx_word' id='word_1_31' title='bbox 1923 1052 2179 1118; x_wconf 87' lang='lat' dir='ltr'>Patricii</span> <span class='ocrx_word' id='word_1_32' title='bbox 2191 1053 2414 1119; x_wconf 89' lang='lat' dir='ltr'>Birton</span> <span class='ocrx_word' id='word_1_33' title='bbox 2435 1054 2512 1120; x_wconf 91' lang='lat' dir='ltr'>de</span> <span class='ocrx_word' id='word_1_34' title='bbox 2520 1055 2869 1122; x_wconf 85' lang='lat' dir='ltr'>Newcastle</span> <span class='ocrx_word' id='word_1_35' title='bbox 2885 1057 3146 1122; x_wconf 89' lang='lat' dir='ltr'>Martini</span> <span class='ocrx_word' id='word_1_36' title='bbox 3176 1056 3399 1123; x_wconf 77' lang='lat' dir='ltr'>Bit-ton</span> <span class='ocrx_word' id='word_1_37' title='bbox 3419 1059 3499 1124; x_wconf 92' lang='lat' dir='ltr'>de</span> <span class='ocrx_word' id='word_1_38' title='bbox 3513 1059 3731 1125; x_wconf 88' lang='lat' dir='ltr'>eadem</span> 
     </span>
     <span class='ocr_line' id='line_1_5' title="bbox 948 1157 3733 1250; baseline 0.003 -28"><span class='ocrx_word' id='word_1_39' title='bbox 948 1158 1251 1224; x_wconf 89' lang='lat' dir='ltr'>Richardi</span> <span class='ocrx_word' id='word_1_40' title='bbox 1271 1158 1494 1222; x_wconf 84' lang='lat' dir='ltr'>Mason</span> <span class='ocrx_word' id='word_1_41' title='bbox 1513 1157 1591 1224; x_wconf 91' lang='lat' dir='ltr'>de</span> <span class='ocrx_word' id='word_1_42' title='bbox 1617 1157 1992 1245; x_wconf 85' lang='lat' dir='ltr'>Ballydowd</span> <span class='ocrx_word' id='word_1_43' title='bbox 2014 1172 2078 1222; x_wconf 92' lang='lat' dir='ltr'>et</span> <span class='ocrx_word' id='word_1_44' title='bbox 2101 1159 2358 1225; x_wconf 89' lang='lat' dir='ltr'>Patricii</span> <span class='ocrx_word' id='word_1_45' title='bbox 2380 1161 2597 1227; x_wconf 88' lang='lat' dir='ltr'>Locke</span> <span class='ocrx_word' id='word_1_46' title='bbox 2617 1162 2695 1226; x_wconf 92' lang='lat' dir='ltr'>de</span> <span class='ocrx_word' id='word_1_47' title='bbox 2720 1162 3242 1228; x_wconf 86' lang='lat' dir='ltr'>Colmanstowne.</span> <span class='ocrx_word' id='word_1_48' title='bbox 3276 1165 3406 1246; x_wconf 84' lang='lat' dir='ltr'>Qui</span> <span class='ocrx_word' id='word_1_49' title='bbox 3420 1165 3733 1250; x_wconf 87' lang='lat' dir='ltr'>juratores</span> 
     </span>
     <span class='ocr_line' id='line_1_6' title="bbox 948 1262 3729 1357; baseline 0.004 -32"><span class='ocrx_word' id='word_1_50' title='bbox 948 1262 1171 1328; x_wconf 90' lang='lat' dir='ltr'>dicunt</span> <span class='ocrx_word' id='word_1_51' title='bbox 1187 1287 1372 1350; x_wconf 90' lang='lat' dir='ltr'>super</span> <span class='ocrx_word' id='word_1_52' title='bbox 1393 1278 1847 1328; x_wconf 87' lang='lat' dir='ltr'>sacramentum</span> <span class='ocrx_word' id='word_1_53' title='bbox 1887 1288 2068 1329; x_wconf 90' lang='lat' dir='ltr'>suum</span> <span class='ocrx_word' id='word_1_54' title='bbox 2093 1265 2265 1351; x_wconf 90' lang='lat' dir='ltr'>quod</span> <span class='ocrx_word' id='word_1_55' title='bbox 2311 1266 2762 1334; x_wconf 74' lang='lat' dir='ltr'>illustrissimus</span> <span class='ocrx_word' id='word_1_56' title='bbox 2808 1269 3099 1357; x_wconf 89' lang='lat' dir='ltr'>princeps</span> <span class='ocrx_word' id='word_1_57' title='bbox 3134 1270 3451 1336; x_wconf 88' lang='lat' dir='ltr'>Henricus</span> <span class='ocrx_word' id='word_1_58' title='bbox 3474 1286 3729 1338; x_wconf 83' lang='lat' dir='ltr'>octavus</span> 
     </span>
     <span class='ocr_line' id='line_1_7' title="bbox 949 1370 3733 1458; baseline 0.004 -24"><span class='ocrx_word' id='word_1_59' title='bbox 949 1394 1150 1457; x_wconf 85' lang='lat' dir='ltr'>nuper</span> <span class='ocrx_word' id='word_1_60' title='bbox 1179 1371 1420 1458; x_wconf 88' lang='lat' dir='ltr'>Anglie</span> <span class='ocrx_word' id='word_1_61' title='bbox 1452 1370 1714 1435; x_wconf 89' lang='lat' dir='ltr'>Francie</span> <span class='ocrx_word' id='word_1_62' title='bbox 1745 1383 1811 1434; x_wconf 91' lang='lat' dir='ltr'>et</span> <span class='ocrx_word' id='word_1_63' title='bbox 1843 1370 2153 1436; x_wconf 89' lang='lat' dir='ltr'>Hibernie</span> <span class='ocrx_word' id='word_1_64' title='bbox 2182 1396 2300 1437; x_wconf 86' lang='lat' dir='ltr'>rex</span> <span class='ocrx_word' id='word_1_65' title='bbox 2329 1371 2571 1438; x_wconf 87' lang='lat' dir='ltr'>seisitus</span> <span class='ocrx_word' id='word_1_66' title='bbox 2601 1373 2723 1438; x_wconf 89' lang='lat' dir='ltr'>fuit</span> <span class='ocrx_word' id='word_1_67' title='bbox 2751 1375 2818 1438; x_wconf 92' lang='lat' dir='ltr'>in</span> <span class='ocrx_word' id='word_1_68' title='bbox 2850 1375 3165 1442; x_wconf 89' lang='lat' dir='ltr'>dominico</span> <span class='ocrx_word' id='word_1_69' title='bbox 3196 1401 3307 1442; x_wconf 88' lang='lat' dir='ltr'>suo</span> <span class='ocrx_word' id='word_1_70' title='bbox 3337 1393 3411 1442; x_wconf 92' lang='lat' dir='ltr'>ut</span> <span class='ocrx_word' id='word_1_71' title='bbox 3439 1377 3517 1443; x_wconf 92' lang='lat' dir='ltr'>de</span> <span class='ocrx_word' id='word_1_72' title='bbox 3549 1378 3733 1445; x_wconf 88' lang='lat' dir='ltr'>feodo</span> 
     </span>
     <span class='ocr_line' id='line_1_8' title="bbox 949 1474 3733 1565; baseline 0.003 -27"><span class='ocrx_word' id='word_1_73' title='bbox 949 1475 1018 1538; x_wconf 89' lang='lat' dir='ltr'>in</span> <span class='ocrx_word' id='word_1_74' title='bbox 1039 1477 1184 1561; x_wconf 90' lang='lat' dir='ltr'>jure</span> <span class='ocrx_word' id='word_1_75' title='bbox 1209 1499 1434 1539; x_wconf 90' lang='lat' dir='ltr'>corone</span> <span class='ocrx_word' id='word_1_76' title='bbox 1465 1498 1574 1539; x_wconf 91' lang='lat' dir='ltr'>sue</span> <span class='ocrx_word' id='word_1_77' title='bbox 1606 1475 1682 1539; x_wconf 88' lang='grc'>(18</span> <span class='ocrx_word' id='word_1_78' title='bbox 1706 1499 1907 1563; x_wconf 83' lang='lat' dir='ltr'>nuper</span> <span class='ocrx_word' id='word_1_79' title='bbox 1936 1474 2122 1540; x_wconf 91' lang='lat' dir='ltr'>domo</span> <span class='ocrx_word' id='word_1_80' title='bbox 2147 1477 2509 1541; x_wconf 87' lang='lat' dir='ltr'>monasterii</span> <span class='ocrx_word' id='word_1_81' title='bbox 2537 1477 2669 1542; x_wconf 87' lang='lat' dir='ltr'>sive</span> <span class='ocrx_word' id='word_1_82' title='bbox 2699 1477 3007 1565; x_wconf 81' lang='lat' dir='ltr'>prioratus</span> <span class='ocrx_word' id='word_1_83' title='bbox 3029 1478 3333 1545; x_wconf 84' lang='lat' dir='ltr'>Omnium</span> <span class='ocrx_word' id='word_1_84' title='bbox 3362 1481 3733 1548; x_wconf 89' lang='lat' dir='ltr'>Sanctorum</span> 
     </span>
     <span class='ocr_line' id='line_1_9' title="bbox 941 1578 3735 1676; baseline 0.004 -33"><span class='ocrx_word' id='word_1_85' title='bbox 941 1581 1134 1666; x_wconf 85' lang='lat' dir='ltr'>juxta</span> <span class='ocrx_word' id='word_1_86' title='bbox 1154 1578 1403 1645; x_wconf 91' lang='lat' dir='ltr'>Dublin</span> <span class='ocrx_word' id='word_1_87' title='bbox 1433 1605 1504 1645; x_wconf 88' lang='lat' dir='ltr'>ac</span> <span class='ocrx_word' id='word_1_88' title='bbox 1533 1578 1611 1644; x_wconf 87' lang='grc'>(18</span> <span class='ocrx_word' id='word_1_89' title='bbox 1641 1580 1932 1645; x_wconf 89' lang='lat' dir='ltr'>omnibus</span> <span class='ocrx_word' id='word_1_90' title='bbox 1960 1580 2449 1668; x_wconf 86' lang='lat' dir='ltr'>possessionibus</span> <span class='ocrx_word' id='word_1_91' title='bbox 2471 1597 2598 1646; x_wconf 88' lang='lat' dir='ltr'>tam</span> <span class='ocrx_word' id='word_1_92' title='bbox 2622 1582 3047 1670; x_wconf 75' lang='lat' dir='ltr'>spiritualibus</span> <span class='ocrx_word' id='word_1_93' title='bbox 3077 1609 3265 1670; x_wconf 89' lang='lat' dir='ltr'>quam</span> <span class='ocrx_word' id='word_1_94' title='bbox 3288 1589 3735 1676; x_wconf 80' lang='lat' dir='ltr'>temporalibus</span> 
     </span>
     <span class='ocr_line' id='line_1_10' title="bbox 951 1687 3729 1781; baseline 0.003 -30"><span class='ocrx_word' id='word_1_95' title='bbox 951 1687 1120 1752; x_wconf 88' lang='lat' dir='ltr'>dicto</span> <span class='ocrx_word' id='word_1_96' title='bbox 1143 1711 1344 1775; x_wconf 86' lang='lat' dir='ltr'>nuper</span> <span class='ocrx_word' id='word_1_97' title='bbox 1365 1688 1578 1753; x_wconf 88' lang='lat' dir='ltr'>domui</span> <span class='ocrx_word' id='word_1_98' title='bbox 1611 1688 1986 1754; x_wconf 87' lang='lat' dir='ltr'>monasterio</span> <span class='ocrx_word' id='word_1_99' title='bbox 2015 1687 2145 1753; x_wconf 86' lang='lat' dir='ltr'>sive</span> <span class='ocrx_word' id='word_1_100' title='bbox 2175 1689 2479 1776; x_wconf 89' lang='lat' dir='ltr'>prioratui</span> <span class='ocrx_word' id='word_1_101' title='bbox 2508 1689 2931 1776; x_wconf 84' lang='lat' dir='ltr'>spectantibus</span> <span class='ocrx_word' id='word_1_102' title='bbox 2962 1715 3106 1756; x_wconf 92' lang='lat' dir='ltr'>cum</span> <span class='ocrx_word' id='word_1_103' title='bbox 3138 1691 3426 1758; x_wconf 88' lang='lat' dir='ltr'>omnibus</span> <span class='ocrx_word' id='word_1_104' title='bbox 3445 1693 3569 1758; x_wconf 88' lang='lat' dir='ltr'>suis</span> <span class='ocrx_word' id='word_1_105' title='bbox 3600 1718 3729 1781; x_wconf 90' lang='lat' dir='ltr'>per-</span> 
     </span>
     <span class='ocr_line' id='line_1_11' title="bbox 948 1793 3734 1882; baseline 0 -20"><span class='ocrx_word' id='word_1_106' title='bbox 948 1795 1240 1862; x_wconf 88' lang='lat' dir='ltr'>tinenciis</span> <span class='ocrx_word' id='word_1_107' title='bbox 1270 1795 1786 1882; x_wconf 87' lang='lat' dir='ltr'>quibuscumque.</span> <span class='ocrx_word' id='word_1_108' title='bbox 1878 1795 1966 1859; x_wconf 88' lang='lat' dir='ltr'>Et</span> <span class='ocrx_word' id='word_1_109' title='bbox 1996 1794 2219 1860; x_wconf 90' lang='lat' dir='ltr'>dicunt</span> <span class='ocrx_word' id='word_1_110' title='bbox 2259 1793 2449 1860; x_wconf 86' lang='lat' dir='ltr'>etiam</span> <span class='ocrx_word' id='word_1_111' title='bbox 2481 1794 2789 1879; x_wconf 87' lang='lat' dir='ltr'>juratores</span> <span class='ocrx_word' id='word_1_112' title='bbox 2828 1817 3014 1882; x_wconf 91' lang='lat' dir='ltr'>super</span> <span class='ocrx_word' id='word_1_113' title='bbox 3056 1809 3510 1861; x_wconf 85' lang='lat' dir='ltr'>sacramentum</span> <span class='ocrx_word' id='word_1_114' title='bbox 3550 1821 3734 1864; x_wconf 88' lang='lat' dir='ltr'>suum</span> 
     </span>
     <span class='ocr_line' id='line_1_12' title="bbox 950 1901 3735 1991; baseline 0.001 -24"><span class='ocrx_word' id='word_1_115' title='bbox 950 1903 1122 1988; x_wconf 91' lang='lat' dir='ltr'>quod</span> <span class='ocrx_word' id='word_1_116' title='bbox 1149 1902 1394 1968; x_wconf 85' lang='lat' dir='ltr'>diversa</span> <span class='ocrx_word' id='word_1_117' title='bbox 1437 1901 1784 1990; x_wconf 70' lang='lat' dir='ltr'>messuagio,</span> <span class='ocrx_word' id='word_1_118' title='bbox 1827 1926 1973 1967; x_wconf 91' lang='lat' dir='ltr'>cum</span> <span class='ocrx_word' id='word_1_119' title='bbox 2019 1901 2194 1967; x_wconf 89' lang='lat' dir='ltr'>mille</span> <span class='ocrx_word' id='word_1_120' title='bbox 2242 1925 2522 1967; x_wconf 85' lang='lat' dir='ltr'>acrarum</span> <span class='ocrx_word' id='word_1_121' title='bbox 2560 1914 2721 1967; x_wconf 87' lang='lat' dir='ltr'>terre</span> <span class='ocrx_word' id='word_1_122' title='bbox 2758 1901 3005 1967; x_wconf 85' lang='lat' dir='ltr'>arabilis</span> <span class='ocrx_word' id='word_1_123' title='bbox 3034 1915 3271 1991; x_wconf 87' lang='lat' dir='ltr'>septem</span> <span class='ocrx_word' id='word_1_124' title='bbox 3303 1919 3556 1969; x_wconf 89' lang='lat' dir='ltr'>centum</span> <span class='ocrx_word' id='word_1_125' title='bbox 3597 1929 3735 1969; x_wconf 86' lang='lat' dir='ltr'>aere</span> 
     </span>
     <span class='ocr_line' id='line_1_13' title="bbox 950 2006 3732 2097; baseline -0.001 -21"><span class='ocrx_word' id='word_1_126' title='bbox 950 2023 1200 2097; x_wconf 84' lang='lat' dir='ltr'>pasture</span> <span class='ocrx_word' id='word_1_127' title='bbox 1229 2024 1482 2076; x_wconf 90' lang='lat' dir='ltr'>centum</span> <span class='ocrx_word' id='word_1_128' title='bbox 1513 2034 1651 2075; x_wconf 87' lang='lat' dir='ltr'>acre</span> <span class='ocrx_word' id='word_1_129' title='bbox 1679 2009 1850 2075; x_wconf 89' lang='lat' dir='ltr'>bosci</span> <span class='ocrx_word' id='word_1_130' title='bbox 1875 2033 1946 2074; x_wconf 88' lang='lat' dir='ltr'>ac</span> <span class='ocrx_word' id='word_1_131' title='bbox 1965 2008 2235 2075; x_wconf 85' lang='lat' dir='ltr'>ducente</span> <span class='ocrx_word' id='word_1_132' title='bbox 2265 2033 2404 2074; x_wconf 89' lang='lat' dir='ltr'>acre</span> <span class='ocrx_word' id='word_1_133' title='bbox 2422 2032 2593 2074; x_wconf 91' lang='lat' dir='ltr'>more</span> <span class='ocrx_word' id='word_1_134' title='bbox 2612 2033 2755 2074; x_wconf 91' lang='lat' dir='ltr'>cum</span> <span class='ocrx_word' id='word_1_135' title='bbox 2776 2006 3179 2096; x_wconf 82' lang='lat' dir='ltr'>pertinenciis</span> <span class='ocrx_word' id='word_1_136' title='bbox 3200 2008 3268 2073; x_wconf 89' lang='lat' dir='ltr'>in</span> <span class='ocrx_word' id='word_1_137' title='bbox 3286 2008 3437 2073; x_wconf 89' lang='lat' dir='ltr'>sella</span> <span class='ocrx_word' id='word_1_138' title='bbox 3452 2008 3607 2073; x_wconf 86' lang='lat' dir='ltr'>silve</span> <span class='ocrx_word' id='word_1_139' title='bbox 3656 2059 3669 2071; x_wconf 94' lang='lat'><strong>.</strong></span> <span class='ocrx_word' id='word_1_140' title='bbox 3719 2060 3732 2072; x_wconf 93' lang='lat'>.</span> 
     </span>
     <span class='ocr_line' id='line_1_14' title="bbox 956 2112 3733 2202; baseline -0.001 -19"><span class='ocrx_word' id='word_1_141' title='bbox 956 2115 1293 2182; x_wconf 88' lang='lat' dir='ltr'>Salvatoris</span> <span class='ocrx_word' id='word_1_142' title='bbox 1305 2127 1369 2179; x_wconf 88' lang='lat' dir='ltr'>et</span> <span class='ocrx_word' id='word_1_143' title='bbox 1379 2113 1768 2180; x_wconf 87' lang='lat' dir='ltr'>Glanlorkan</span> <span class='ocrx_word' id='word_1_144' title='bbox 1778 2113 1846 2177; x_wconf 90' lang='lat' dir='ltr'>in</span> <span class='ocrx_word' id='word_1_145' title='bbox 1857 2112 2255 2202; x_wconf 87' lang='lat' dir='ltr'>Glandelagh</span> <span class='ocrx_word' id='word_1_146' title='bbox 2265 2137 2337 2178; x_wconf 91' lang='lat' dir='ltr'>ac</span> <span class='ocrx_word' id='word_1_147' title='bbox 2348 2114 2627 2199; x_wconf 89' lang='lat' dir='ltr'>jacentes</span> <span class='ocrx_word' id='word_1_148' title='bbox 2636 2126 2700 2180; x_wconf 91' lang='lat' dir='ltr'>et</span> <span class='ocrx_word' id='word_1_149' title='bbox 2716 2114 3056 2180; x_wconf 87' lang='lat' dir='ltr'>existentes</span> <span class='ocrx_word' id='word_1_150' title='bbox 3065 2115 3133 2179; x_wconf 87' lang='lat' dir='ltr'>in</span> <span class='ocrx_word' id='word_1_151' title='bbox 3150 2115 3315 2180; x_wconf 87' lang='lat' dir='ltr'>vissis</span> <span class='ocrx_word' id='word_1_152' title='bbox 3326 2115 3558 2181; x_wconf 88' lang='lat' dir='ltr'>villatis</span> <span class='ocrx_word' id='word_1_153' title='bbox 3568 2140 3733 2181; x_wconf 87' lang='lat' dir='ltr'>cam-</span> 
     </span>
     <span class='ocr_line' id='line_1_15' title="bbox 948 2218 3733 2311; baseline 0.002 -28"><span class='ocrx_word' id='word_1_154' title='bbox 948 2219 1047 2307; x_wconf 89' lang='lat' dir='ltr'>pis</span> <span class='ocrx_word' id='word_1_155' title='bbox 1067 2235 1132 2284; x_wconf 91' lang='lat' dir='ltr'>et</span> <span class='ocrx_word' id='word_1_156' title='bbox 1151 2219 1438 2284; x_wconf 86' lang='lat' dir='ltr'>hamletis</span> <span class='ocrx_word' id='word_1_157' title='bbox 1468 2219 1547 2284; x_wconf 91' lang='lat' dir='ltr'>de</span> <span class='ocrx_word' id='word_1_158' title='bbox 1579 2218 2081 2308; x_wconf 82' lang='lat' dir='ltr'>Ballyardgowle</span> <span class='ocrx_word' id='word_1_159' title='bbox 2104 2220 2452 2308; x_wconf 81' lang='lat' dir='ltr'>Ballyliske</span> <span class='ocrx_word' id='word_1_160' title='bbox 2476 2236 2541 2286; x_wconf 89' lang='lat' dir='ltr'>et</span> <span class='ocrx_word' id='word_1_161' title='bbox 2562 2221 2889 2310; x_wconf 90' lang='lat' dir='ltr'>Ballinlug</span> <span class='ocrx_word' id='word_1_162' title='bbox 2916 2222 2985 2286; x_wconf 88' lang='lat' dir='ltr'>in</span> <span class='ocrx_word' id='word_1_163' title='bbox 3014 2223 3317 2288; x_wconf 88' lang='lat' dir='ltr'>comitatu</span> <span class='ocrx_word' id='word_1_164' title='bbox 3347 2222 3630 2311; x_wconf 82' lang='lat' dir='ltr'>predicto</span> <span class='ocrx_word' id='word_1_165' title='bbox 3660 2247 3733 2288; x_wconf 85' lang='lat' dir='ltr'>ac</span> 
     </span>
     <span class='ocr_line' id='line_1_16' title="bbox 949 2325 3735 2416; baseline 0.001 -26"><span class='ocrx_word' id='word_1_166' title='bbox 949 2349 1146 2390; x_wconf 89' lang='lat' dir='ltr'>unum</span> <span class='ocrx_word' id='word_1_167' title='bbox 1167 2325 1584 2413; x_wconf 89' lang='lat' dir='ltr'>messuagium</span> <span class='ocrx_word' id='word_1_168' title='bbox 1598 2325 1863 2391; x_wconf 86' lang='lat' dir='ltr'>ducente</span> <span class='ocrx_word' id='word_1_169' title='bbox 1883 2350 2022 2392; x_wconf 86' lang='lat' dir='ltr'>acre</span> <span class='ocrx_word' id='word_1_170' title='bbox 2040 2340 2202 2393; x_wconf 89' lang='lat' dir='ltr'>terre</span> <span class='ocrx_word' id='word_1_171' title='bbox 2215 2327 2491 2393; x_wconf 86' lang='lat' dir='ltr'>arrabilis</span> <span class='ocrx_word' id='word_1_172' title='bbox 2502 2328 2769 2394; x_wconf 87' lang='lat' dir='ltr'>ducente</span> <span class='ocrx_word' id='word_1_173' title='bbox 2782 2353 2919 2394; x_wconf 86' lang='lat' dir='ltr'>acre</span> <span class='ocrx_word' id='word_1_174' title='bbox 2934 2342 3179 2416; x_wconf 89' lang='lat' dir='ltr'>pasture</span> <span class='ocrx_word' id='word_1_175' title='bbox 3192 2330 3257 2394; x_wconf 88' lang='lat' dir='ltr'>in</span> <span class='ocrx_word' id='word_1_176' title='bbox 3280 2329 3735 2394; x_wconf 86' lang='lat' dir='ltr'>Rathdromine</span> 
     </span>
     <span class='ocr_line' id='line_1_17' title="bbox 952 2429 3734 2522; baseline 0.002 -28"><span class='ocrx_word' id='word_1_177' title='bbox 952 2430 1528 2519; x_wconf 86' lang='lat' dir='ltr'>Ballinegananagh</span> <span class='ocrx_word' id='word_1_178' title='bbox 1553 2454 1624 2494; x_wconf 90' lang='lat' dir='ltr'>ac</span> <span class='ocrx_word' id='word_1_179' title='bbox 1642 2429 1904 2495; x_wconf 89' lang='lat' dir='ltr'>rectoria</span> <span class='ocrx_word' id='word_1_180' title='bbox 1925 2431 2184 2496; x_wconf 89' lang='lat' dir='ltr'>ecclesie</span> <span class='ocrx_word' id='word_1_181' title='bbox 2206 2432 2337 2496; x_wconf 85' lang='lat' dir='ltr'>sive</span> <span class='ocrx_word' id='word_1_182' title='bbox 2360 2431 2597 2518; x_wconf 90' lang='lat' dir='ltr'>capelle</span> <span class='ocrx_word' id='word_1_183' title='bbox 2617 2432 2694 2496; x_wconf 89' lang='lat' dir='ltr'>de</span> <span class='ocrx_word' id='word_1_184' title='bbox 2719 2431 3102 2496; x_wconf 76' lang='lat' dir='ltr'>Rathdrome</span> <span class='ocrx_word' id='word_1_185' title='bbox 3126 2456 3197 2498; x_wconf 88' lang='lat' dir='ltr'>ac</span> <span class='ocrx_word' id='word_1_186' title='bbox 3210 2433 3643 2522; x_wconf 82' lang='lat' dir='ltr'>Moycredyne</span> <span class='ocrx_word' id='word_1_187' title='bbox 3662 2456 3734 2500; x_wconf 87' lang='lat' dir='ltr'>ac</span> 
     </span>
     <span class='ocr_line' id='line_1_18' title="bbox 951 2536 3733 2628; baseline 0.001 -26"><span class='ocrx_word' id='word_1_188' title='bbox 951 2536 1220 2624; x_wconf 85' lang='lat' dir='ltr'>parcella</span> <span class='ocrx_word' id='word_1_189' title='bbox 1242 2537 1483 2603; x_wconf 91' lang='lat' dir='ltr'>decime</span> <span class='ocrx_word' id='word_1_190' title='bbox 1501 2538 1580 2603; x_wconf 92' lang='lat' dir='ltr'>de</span> <span class='ocrx_word' id='word_1_191' title='bbox 1612 2538 1984 2604; x_wconf 87' lang='lat' dir='ltr'>Killmarten</span> <span class='ocrx_word' id='word_1_192' title='bbox 2017 2564 2163 2604; x_wconf 90' lang='lat' dir='ltr'>cum</span> <span class='ocrx_word' id='word_1_193' title='bbox 2192 2539 2483 2604; x_wconf 90' lang='lat' dir='ltr'>omnibus</span> <span class='ocrx_word' id='word_1_194' title='bbox 2509 2539 2688 2604; x_wconf 89' lang='lat' dir='ltr'>terris</span> <span class='ocrx_word' id='word_1_195' title='bbox 2717 2539 2917 2627; x_wconf 88' lang='lat' dir='ltr'>glebis</span> <span class='ocrx_word' id='word_1_196' title='bbox 2948 2539 3206 2605; x_wconf 88' lang='lat' dir='ltr'>decimis</span> <span class='ocrx_word' id='word_1_197' title='bbox 3230 2539 3541 2628; x_wconf 82' lang='lat' dir='ltr'>alteragiis</span> <span class='ocrx_word' id='word_1_198' title='bbox 3563 2540 3733 2606; x_wconf 89' lang='lat' dir='ltr'>obla·</span> 
     </span>
     <span class='ocr_line' id='line_1_19' title="bbox 951 2645 3735 2734; baseline -0 -21"><span class='ocrx_word' id='word_1_199' title='bbox 951 2647 1234 2713; x_wconf 89' lang='lat' dir='ltr'>cionibus</span> <span class='ocrx_word' id='word_1_200' title='bbox 1247 2645 2048 2714; x_wconf 83' lang='lat' dir='ltr'>obvencionibusacceteris</span> <span class='ocrx_word' id='word_1_201' title='bbox 2058 2645 2495 2711; x_wconf 86' lang='lat' dir='ltr'>emolumentis</span> <span class='ocrx_word' id='word_1_202' title='bbox 2514 2645 2747 2711; x_wconf 89' lang='lat' dir='ltr'>eisdem</span> <span class='ocrx_word' id='word_1_203' title='bbox 2768 2645 3221 2733; x_wconf 87' lang='lat' dir='ltr'>pertinentibus</span> <span class='ocrx_word' id='word_1_204' title='bbox 3233 2661 3297 2711; x_wconf 89' lang='lat' dir='ltr'>et</span> <span class='ocrx_word' id='word_1_205' title='bbox 3314 2645 3735 2734; x_wconf 80' lang='lat' dir='ltr'>spectantibus</span> 
     </span>
     <span class='ocr_line' id='line_1_20' title="bbox 950 2753 3735 2842; baseline 0.001 -26"><span class='ocrx_word' id='word_1_206' title='bbox 950 2753 1122 2820; x_wconf 89' lang='lat' dir='ltr'>fuere</span> <span class='ocrx_word' id='word_1_207' title='bbox 1151 2754 1420 2842; x_wconf 88' lang='lat' dir='ltr'>parcella</span> <span class='ocrx_word' id='word_1_208' title='bbox 1449 2754 1902 2842; x_wconf 89' lang='lat' dir='ltr'>possessionum</span> <span class='ocrx_word' id='word_1_209' title='bbox 1932 2754 2086 2818; x_wconf 89' lang='lat' dir='ltr'>dicti</span> <span class='ocrx_word' id='word_1_210' title='bbox 2115 2777 2319 2841; x_wconf 89' lang='lat' dir='ltr'>nuper</span> <span class='ocrx_word' id='word_1_211' title='bbox 2331 2754 2553 2819; x_wconf 90' lang='lat' dir='ltr'>domus</span> <span class='ocrx_word' id='word_1_212' title='bbox 2576 2753 2931 2818; x_wconf 82' lang='lat' dir='ltr'>monasterii</span> <span class='ocrx_word' id='word_1_213' title='bbox 2950 2754 3081 2819; x_wconf 90' lang='lat' dir='ltr'>sive</span> <span class='ocrx_word' id='word_1_214' title='bbox 3106 2753 3409 2840; x_wconf 86' lang='lat' dir='ltr'>prioratus</span> <span class='ocrx_word' id='word_1_215' title='bbox 3428 2753 3735 2820; x_wconf 90' lang='lat' dir='ltr'>Omnium</span> 
     </span>
     <span class='ocr_line' id='line_1_21' title="bbox 954 2859 3737 2949; baseline -0.001 -23"><span class='ocrx_word' id='word_1_216' title='bbox 954 2859 1326 2926; x_wconf 87' lang='lat' dir='ltr'>Sanctorum</span> <span class='ocrx_word' id='word_1_217' title='bbox 1347 2874 1626 2949; x_wconf 89' lang='lat' dir='ltr'>ternpore</span> <span class='ocrx_word' id='word_1_218' title='bbox 1644 2860 2074 2926; x_wconf 89' lang='lat' dir='ltr'>dissolucionis</span> <span class='ocrx_word' id='word_1_219' title='bbox 2097 2861 2545 2948; x_wconf 89' lang='lat' dir='ltr'>suppressionis</span> <span class='ocrx_word' id='word_1_220' title='bbox 2568 2875 2633 2926; x_wconf 89' lang='lat' dir='ltr'>et</span> <span class='ocrx_word' id='word_1_221' title='bbox 2648 2885 2887 2925; x_wconf 89' lang='lat' dir='ltr'>sursum</span> <span class='ocrx_word' id='word_1_222' title='bbox 2907 2859 3285 2925; x_wconf 89' lang='lat' dir='ltr'>reddicionis</span> <span class='ocrx_word' id='word_1_223' title='bbox 3303 2859 3583 2945; x_wconf 90' lang='lat' dir='ltr'>ejusdem</span> <span class='ocrx_word' id='word_1_224' title='bbox 3602 2884 3737 2924; x_wconf 91' lang='lat' dir='ltr'>mo-</span> 
     </span>
     <span class='ocr_line' id='line_1_22' title="bbox 951 2964 3735 3054; baseline 0 -24"><span class='ocrx_word' id='word_1_225' title='bbox 951 2965 1204 3031; x_wconf 88' lang='lat' dir='ltr'>nasterii</span> <span class='ocrx_word' id='word_1_226' title='bbox 1221 2966 1353 3031; x_wconf 86' lang='lat' dir='ltr'>sive</span> <span class='ocrx_word' id='word_1_227' title='bbox 1377 2966 1683 3053; x_wconf 86' lang='lat' dir='ltr'>prioratus</span> <span class='ocrx_word' id='word_1_228' title='bbox 1762 2968 1850 3031; x_wconf 88' lang='lat' dir='ltr'>Et</span> <span class='ocrx_word' id='word_1_229' title='bbox 1873 2966 2092 3031; x_wconf 87' lang='lat' dir='ltr'>dicunt</span> <span class='ocrx_word' id='word_1_230' title='bbox 2113 2967 2304 3032; x_wconf 87' lang='lat' dir='ltr'>etiam</span> <span class='ocrx_word' id='word_1_231' title='bbox 2324 2968 2632 3053; x_wconf 88' lang='lat' dir='ltr'>juratores</span> <span class='ocrx_word' id='word_1_232' title='bbox 2654 2991 2839 3054; x_wconf 91' lang='lat' dir='ltr'>super</span> <span class='ocrx_word' id='word_1_233' title='bbox 2868 2978 3321 3031; x_wconf 88' lang='lat' dir='ltr'>sacramentum</span> <span class='ocrx_word' id='word_1_234' title='bbox 3352 2989 3533 3030; x_wconf 89' lang='lat' dir='ltr'>suum</span> <span class='ocrx_word' id='word_1_235' title='bbox 3564 2964 3735 3052; x_wconf 91' lang='lat' dir='ltr'>quod</span> 
     </span>
     <span class='ocr_line' id='line_1_23' title="bbox 950 3073 3735 3162; baseline 0 -25"><span class='ocrx_word' id='word_1_236' title='bbox 950 3074 1266 3161; x_wconf 88' lang='lat' dir='ltr'>predictus</span> <span class='ocrx_word' id='word_1_237' title='bbox 1290 3073 1580 3139; x_wconf 90' lang='lat' dir='ltr'>dominus</span> <span class='ocrx_word' id='word_1_238' title='bbox 1602 3099 1803 3162; x_wconf 90' lang='lat' dir='ltr'>nuper</span> <span class='ocrx_word' id='word_1_239' title='bbox 1831 3099 1946 3139; x_wconf 85' lang='lat' dir='ltr'>rex</span> <span class='ocrx_word' id='word_1_240' title='bbox 1970 3074 2286 3140; x_wconf 89' lang='lat' dir='ltr'>Henricus</span> <span class='ocrx_word' id='word_1_241' title='bbox 2310 3091 2565 3141; x_wconf 85' lang='lat' dir='ltr'>octavus</span> <span class='ocrx_word' id='word_1_242' title='bbox 2588 3099 2699 3161; x_wconf 88' lang='lat' dir='ltr'>per</span> <span class='ocrx_word' id='word_1_243' title='bbox 2719 3075 2955 3140; x_wconf 87' lang='lat' dir='ltr'>litteras</span> <span class='ocrx_word' id='word_1_244' title='bbox 2985 3097 3122 3139; x_wconf 87' lang='lat' dir='ltr'>suas</span> <span class='ocrx_word' id='word_1_245' title='bbox 3151 3086 3433 3159; x_wconf 87' lang='lat' dir='ltr'>patentes</span> <span class='ocrx_word' id='word_1_246' title='bbox 3450 3086 3735 3159; x_wconf 86' lang='lat' dir='ltr'>gerentes</span> 
     </span>
     <span class='ocr_line' id='line_1_24' title="bbox 953 3178 3734 3267; baseline -0 -23"><span class='ocrx_word' id='word_1_247' title='bbox 953 3180 1168 3244; x_wconf 86' lang='lat' dir='ltr'>datum</span> <span class='ocrx_word' id='word_1_248' title='bbox 1193 3180 1360 3267; x_wconf 87' lang='lat' dir='ltr'>apud</span> <span class='ocrx_word' id='word_1_249' title='bbox 1384 3180 1627 3245; x_wconf 88' lang='lat' dir='ltr'>Dublin</span> <span class='ocrx_word' id='word_1_250' title='bbox 1646 3194 1866 3265; x_wconf 85' lang='lat' dir='ltr'>quarto</span> <span class='ocrx_word' id='word_1_251' title='bbox 1885 3180 1987 3244; x_wconf 89' lang='lat' dir='ltr'>die</span> <span class='ocrx_word' id='word_1_252' title='bbox 2012 3180 2341 3245; x_wconf 87' lang='lat' dir='ltr'>Februarii</span> <span class='ocrx_word' id='word_1_253' title='bbox 2360 3204 2523 3245; x_wconf 90' lang='lat' dir='ltr'>anno</span> <span class='ocrx_word' id='word_1_254' title='bbox 2546 3180 2721 3267; x_wconf 88' lang='lat' dir='ltr'>regni</span> <span class='ocrx_word' id='word_1_255' title='bbox 2745 3178 3084 3243; x_wconf 87' lang='lat' dir='ltr'>tricessimo</span> <span class='ocrx_word' id='word_1_256' title='bbox 3096 3178 3271 3243; x_wconf 89' lang='lat' dir='ltr'>dedit</span> <span class='ocrx_word' id='word_1_257' title='bbox 3284 3192 3349 3243; x_wconf 91' lang='lat' dir='ltr'>et</span> <span class='ocrx_word' id='word_1_258' title='bbox 3366 3178 3734 3265; x_wconf 85' lang='lat' dir='ltr'>pereasdem</span> 
     </span>
     <span class='ocr_line' id='line_1_25' title="bbox 952 3284 3735 3371; baseline 0.001 -23"><span class='ocrx_word' id='word_1_259' title='bbox 952 3284 1186 3350; x_wconf 87' lang='lat' dir='ltr'>litteras</span> <span class='ocrx_word' id='word_1_260' title='bbox 1205 3298 1485 3371; x_wconf 86' lang='lat' dir='ltr'>patentes</span> <span class='ocrx_word' id='word_1_261' title='bbox 1503 3285 1807 3351; x_wconf 86' lang='lat' dir='ltr'>concessit</span> <span class='ocrx_word' id='word_1_262' title='bbox 1822 3285 1942 3371; x_wconf 90' lang='lat' dir='ltr'>maj</span> <span class='ocrx_word' id='word_1_263' title='bbox 1951 3285 2042 3350; x_wconf 89' lang='lat' dir='ltr'>ori</span> <span class='ocrx_word' id='word_1_264' title='bbox 2065 3298 2131 3351; x_wconf 90' lang='lat' dir='ltr'>et</span> <span class='ocrx_word' id='word_1_265' title='bbox 2152 3286 2399 3351; x_wconf 84' lang='lat' dir='ltr'>ballivis</span> <span class='ocrx_word' id='word_1_266' title='bbox 2416 3285 2659 3351; x_wconf 85' lang='lat' dir='ltr'>civibus</span> <span class='ocrx_word' id='word_1_267' title='bbox 2680 3299 2745 3351; x_wconf 91' lang='lat' dir='ltr'>et</span> <span class='ocrx_word' id='word_1_268' title='bbox 2760 3284 3192 3351; x_wconf 88' lang='lat' dir='ltr'>communitati</span> <span class='ocrx_word' id='word_1_269' title='bbox 3208 3284 3479 3349; x_wconf 86' lang='lat' dir='ltr'>civitatis</span> <span class='ocrx_word' id='word_1_270' title='bbox 3490 3284 3735 3351; x_wconf 88' lang='lat' dir='ltr'>Dublin</span> 
     </span>
     <span class='ocr_line' id='line_1_26' title="bbox 951 3390 3734 3479; baseline 0.001 -24"><span class='ocrx_word' id='word_1_271' title='bbox 951 3390 1082 3457; x_wconf 88' lang='lat' dir='ltr'>sive</span> <span class='ocrx_word' id='word_1_272' title='bbox 1105 3415 1500 3477; x_wconf 88' lang='lat' dir='ltr'>quocumque</span> <span class='ocrx_word' id='word_1_273' title='bbox 1524 3392 1646 3457; x_wconf 90' lang='lat' dir='ltr'>alio</span> <span class='ocrx_word' id='word_1_274' title='bbox 1669 3392 1922 3459; x_wconf 89' lang='lat' dir='ltr'>nomine</span> <span class='ocrx_word' id='word_1_275' title='bbox 1947 3408 2096 3459; x_wconf 91' lang='lat' dir='ltr'>tunc</span> <span class='ocrx_word' id='word_1_276' title='bbox 2119 3396 2529 3459; x_wconf 89' lang='lat' dir='ltr'>censebantur</span> <span class='ocrx_word' id='word_1_277' title='bbox 2550 3409 2615 3459; x_wconf 92' lang='lat' dir='ltr'>et</span> <span class='ocrx_word' id='word_1_278' title='bbox 2642 3391 3093 3459; x_wconf 89' lang='lat' dir='ltr'>successoribus</span> <span class='ocrx_word' id='word_1_279' title='bbox 3114 3391 3240 3457; x_wconf 89' lang='lat' dir='ltr'>suis</span> <span class='ocrx_word' id='word_1_280' title='bbox 3268 3392 3734 3479; x_wconf 88' lang='lat' dir='ltr'>imperpetuum</span> 
     </span>
     <span class='ocr_line' id='line_1_27' title="bbox 953 3496 3735 3585; baseline 0 -23"><span class='ocrx_word' id='word_1_281' title='bbox 953 3496 1192 3563; x_wconf 88' lang='lat' dir='ltr'>dictum</span> <span class='ocrx_word' id='word_1_282' title='bbox 1221 3521 1422 3584; x_wconf 92' lang='lat' dir='ltr'>nuper</span> <span class='ocrx_word' id='word_1_283' title='bbox 1452 3498 1821 3563; x_wconf 90' lang='lat' dir='ltr'>dissolutum</span> <span class='ocrx_word' id='word_1_284' title='bbox 1850 3497 2106 3563; x_wconf 90' lang='lat' dir='ltr'>domum</span> <span class='ocrx_word' id='word_1_285' title='bbox 2137 3499 2581 3564; x_wconf 86' lang='lat' dir='ltr'>monasterium</span> <span class='ocrx_word' id='word_1_286' title='bbox 2610 3499 2743 3564; x_wconf 86' lang='lat' dir='ltr'>sive</span> <span class='ocrx_word' id='word_1_287' title='bbox 2771 3498 3111 3585; x_wconf 87' lang='lat' dir='ltr'>prioratum</span> <span class='ocrx_word' id='word_1_288' title='bbox 3140 3497 3446 3564; x_wconf 89' lang='lat' dir='ltr'>Omnium</span> <span class='ocrx_word' id='word_1_289' title='bbox 3480 3498 3735 3563; x_wconf 87' lang='lat' dir='ltr'>Sancto-</span> 
     </span>
     <span class='ocr_line' id='line_1_28' title="bbox 952 3601 3737 3690; baseline -0.001 -21"><span class='ocrx_word' id='word_1_290' title='bbox 952 3628 1092 3669; x_wconf 90' lang='lat' dir='ltr'>rum</span> <span class='ocrx_word' id='word_1_291' title='bbox 1113 3628 1257 3669; x_wconf 88' lang='lat' dir='ltr'>cum</span> <span class='ocrx_word' id='word_1_292' title='bbox 1281 3602 1570 3669; x_wconf 89' lang='lat' dir='ltr'>omnibus</span> <span class='ocrx_word' id='word_1_293' title='bbox 1581 3615 1646 3668; x_wconf 91' lang='lat' dir='ltr'>et</span> <span class='ocrx_word' id='word_1_294' title='bbox 1663 3601 1924 3689; x_wconf 83' lang='lat' dir='ltr'>singulis</span> <span class='ocrx_word' id='word_1_295' title='bbox 1941 3602 2427 3690; x_wconf 90' lang='lat' dir='ltr'>possessionibus</span> <span class='ocrx_word' id='word_1_296' title='bbox 2437 3604 2641 3669; x_wconf 90' lang='lat' dir='ltr'>eidem</span> <span class='ocrx_word' id='word_1_297' title='bbox 2654 3602 2869 3667; x_wconf 91' lang='lat' dir='ltr'>domui</span> <span class='ocrx_word' id='word_1_298' title='bbox 2888 3602 3261 3669; x_wconf 87' lang='lat' dir='ltr'>monasterio</span> <span class='ocrx_word' id='word_1_299' title='bbox 3283 3602 3414 3667; x_wconf 89' lang='lat' dir='ltr'>sive</span> <span class='ocrx_word' id='word_1_300' title='bbox 3432 3602 3737 3689; x_wconf 88' lang='lat' dir='ltr'>prioratui</span> 
     </span>
     <span class='ocr_line' id='line_1_29' title="bbox 951 3707 3734 3799; baseline -0.001 -23"><span class='ocrx_word' id='word_1_301' title='bbox 951 3710 1372 3799; x_wconf 86' lang='lat' dir='ltr'>spectantibus</span> <span class='ocrx_word' id='word_1_302' title='bbox 1403 3708 1534 3773; x_wconf 83' lang='lat' dir='ltr'>sive</span> <span class='ocrx_word' id='word_1_303' title='bbox 1567 3707 2024 3796; x_wconf 89' lang='lat' dir='ltr'>pertinentibus</span> <span class='ocrx_word' id='word_1_304' title='bbox 2062 3707 2370 3773; x_wconf 85' lang='lat' dir='ltr'>universis</span> <span class='ocrx_word' id='word_1_305' title='bbox 2416 3710 2484 3773; x_wconf 92' lang='lat' dir='ltr'>in</span> <span class='ocrx_word' id='word_1_306' title='bbox 2522 3724 2651 3773; x_wconf 86' lang='lat' dir='ltr'>tam</span> <span class='ocrx_word' id='word_1_307' title='bbox 2682 3708 2903 3795; x_wconf 87' lang='lat' dir='ltr'>amplis</span> <span class='ocrx_word' id='word_1_308' title='bbox 2933 3723 2999 3773; x_wconf 89' lang='lat' dir='ltr'>et</span> <span class='ocrx_word' id='word_1_309' title='bbox 3024 3708 3495 3774; x_wconf 88' lang='lat' dir='ltr'>beneficialibus</span> <span class='ocrx_word' id='word_1_310' title='bbox 3544 3708 3734 3773; x_wconf 90' lang='lat' dir='ltr'>modo</span> 
     </span>
     <span class='ocr_line' id='line_1_30' title="bbox 953 3813 3737 3903; baseline -0.001 -20"><span class='ocrx_word' id='word_1_311' title='bbox 953 3830 1017 3883; x_wconf 87' lang='lat' dir='ltr'>et</span> <span class='ocrx_word' id='word_1_312' title='bbox 1045 3818 1242 3882; x_wconf 86' lang='lat' dir='ltr'>forma</span> <span class='ocrx_word' id='word_1_313' title='bbox 1285 3829 1472 3903; x_wconf 90' lang='lat' dir='ltr'>prout</span> <span class='ocrx_word' id='word_1_314' title='bbox 1499 3839 1573 3879; x_wconf 89' lang='lat' dir='ltr'>ea</span> <span class='ocrx_word' id='word_1_315' title='bbox 1602 3814 1814 3879; x_wconf 87' lang='lat' dir='ltr'>omnia</span> <span class='ocrx_word' id='word_1_316' title='bbox 1859 3829 1924 3879; x_wconf 91' lang='lat' dir='ltr'>et</span> <span class='ocrx_word' id='word_1_317' title='bbox 1973 3813 2221 3899; x_wconf 87' lang='lat' dir='ltr'>singula</span> <span class='ocrx_word' id='word_1_318' title='bbox 2269 3814 2441 3879; x_wconf 88' lang='lat' dir='ltr'>suere</span> <span class='ocrx_word' id='word_1_319' title='bbox 2485 3814 2841 3881; x_wconf 77' lang='lat' dir='ltr'>existebant</span> <span class='ocrx_word' id='word_1_320' title='bbox 2890 3814 2957 3879; x_wconf 92' lang='lat' dir='ltr'>in</span> <span class='ocrx_word' id='word_1_321' title='bbox 3009 3814 3389 3902; x_wconf 88' lang='lat' dir='ltr'>possessione</span> <span class='ocrx_word' id='word_1_322' title='bbox 3417 3827 3482 3880; x_wconf 91' lang='lat' dir='ltr'>et</span> <span class='ocrx_word' id='word_1_323' title='bbox 3510 3814 3737 3879; x_wconf 86' lang='lat' dir='ltr'>seisina</span> 
     </span>
     <span class='ocr_line' id='line_1_31' title="bbox 954 3920 3731 4011; baseline -0 -22"><span class='ocrx_word' id='word_1_324' title='bbox 954 3948 1154 4010; x_wconf 89' lang='lat' dir='ltr'>nuper</span> <span class='ocrx_word' id='word_1_325' title='bbox 1182 3920 1404 4011; x_wconf 91' lang='lat' dir='ltr'>prioris</span> <span class='ocrx_word' id='word_1_326' title='bbox 1434 3921 1565 3986; x_wconf 84' lang='lat' dir='ltr'>sive</span> <span class='ocrx_word' id='word_1_327' title='bbox 1595 3920 1874 4008; x_wconf 88' lang='lat' dir='ltr'>priorum</span> <span class='ocrx_word' id='word_1_328' title='bbox 1898 3920 2052 3985; x_wconf 89' lang='lat' dir='ltr'>dicti</span> <span class='ocrx_word' id='word_1_329' title='bbox 2083 3944 2285 4007; x_wconf 91' lang='lat' dir='ltr'>nuper</span> <span class='ocrx_word' id='word_1_330' title='bbox 2302 3921 2609 4008; x_wconf 87' lang='lat' dir='ltr'>prioratus</span> <span class='ocrx_word' id='word_1_331' title='bbox 2633 3920 2991 3986; x_wconf 87' lang='lat' dir='ltr'>monasterii</span> <span class='ocrx_word' id='word_1_332' title='bbox 3008 3921 3139 3985; x_wconf 89' lang='lat' dir='ltr'>sive</span> <span class='ocrx_word' id='word_1_333' title='bbox 3164 3922 3385 3986; x_wconf 90' lang='lat' dir='ltr'>domus</span> <span class='ocrx_word' id='word_1_334' title='bbox 3414 3933 3480 3987; x_wconf 85' lang='lat' dir='ltr'>et</span> <span class='ocrx_word' id='word_1_335' title='bbox 3506 3922 3574 3987; x_wconf 87' lang='lat' dir='ltr'>in</span> <span class='ocrx_word' id='word_1_336' title='bbox 3605 3935 3731 3988; x_wconf 87' lang='lat' dir='ltr'>tam</span> 
     </span>
     <span class='ocr_line' id='line_1_32' title="bbox 955 4024 3733 4118; baseline -0 -24"><span class='ocrx_word' id='word_1_337' title='bbox 955 4030 1163 4118; x_wconf 90' lang='lat' dir='ltr'>amplo</span> <span class='ocrx_word' id='word_1_338' title='bbox 1194 4027 1381 4093; x_wconf 91' lang='lat' dir='ltr'>modo</span> <span class='ocrx_word' id='word_1_339' title='bbox 1412 4040 1599 4113; x_wconf 90' lang='lat' dir='ltr'>prout</span> <span class='ocrx_word' id='word_1_340' title='bbox 1628 4051 1701 4091; x_wconf 86' lang='lat' dir='ltr'>ea</span> <span class='ocrx_word' id='word_1_341' title='bbox 1729 4024 1940 4091; x_wconf 90' lang='lat' dir='ltr'>omnia</span> <span class='ocrx_word' id='word_1_342' title='bbox 1969 4025 2275 4091; x_wconf 86' lang='lat' dir='ltr'>devenere</span> <span class='ocrx_word' id='word_1_343' title='bbox 2309 4050 2419 4091; x_wconf 90' lang='lat' dir='ltr'>seu</span> <span class='ocrx_word' id='word_1_344' title='bbox 2446 4026 2729 4092; x_wconf 87' lang='lat' dir='ltr'>deveniri</span> <span class='ocrx_word' id='word_1_345' title='bbox 2767 4028 3121 4092; x_wconf 91' lang='lat' dir='ltr'>debuerunt</span> <span class='ocrx_word' id='word_1_346' title='bbox 3159 4027 3329 4093; x_wconf 90' lang='lat' dir='ltr'>dicto</span> <span class='ocrx_word' id='word_1_347' title='bbox 3368 4052 3569 4115; x_wconf 90' lang='lat' dir='ltr'>nuper</span> <span class='ocrx_word' id='word_1_348' title='bbox 3598 4028 3733 4116; x_wconf 89' lang='lat' dir='ltr'>regi</span> 
     </span>
     <span class='ocr_line' id='line_1_33' title="bbox 917 4131 3731 4223; baseline 0.001 -22"><span class='ocrx_word' id='word_1_349' title='bbox 917 4197 921 4201; x_wconf 87' lang='lat'>.</span> <span class='ocrx_word' id='word_1_350' title='bbox 955 4158 1066 4223; x_wconf 92' lang='lat' dir='ltr'>per</span> <span class='ocrx_word' id='word_1_351' title='bbox 1111 4157 1352 4197; x_wconf 88' lang='lat' dir='ltr'>sursum</span> <span class='ocrx_word' id='word_1_352' title='bbox 1395 4131 1822 4198; x_wconf 86' lang='lat' dir='ltr'>reddicionem</span> <span class='ocrx_word' id='word_1_353' title='bbox 1865 4135 2361 4221; x_wconf 90' lang='lat' dir='ltr'>suppressionem</span> <span class='ocrx_word' id='word_1_354' title='bbox 2408 4135 2539 4201; x_wconf 89' lang='lat' dir='ltr'>sive</span> <span class='ocrx_word' id='word_1_355' title='bbox 2586 4134 3065 4201; x_wconf 88' lang='lat' dir='ltr'>dissolucionem</span> <span class='ocrx_word' id='word_1_356' title='bbox 3097 4135 3249 4200; x_wconf 88' lang='lat' dir='ltr'>dicti</span> <span class='ocrx_word' id='word_1_357' title='bbox 3279 4159 3481 4223; x_wconf 91' lang='lat' dir='ltr'>nuper</span> <span class='ocrx_word' id='word_1_358' title='bbox 3510 4136 3731 4203; x_wconf 88' lang='lat' dir='ltr'>domus</span> 
     </span>
     <span class='ocr_line' id='line_1_34' title="bbox 957 4238 3730 4329; baseline 0 -23"><span class='ocrx_word' id='word_1_359' title='bbox 957 4241 1311 4306; x_wconf 86' lang='lat' dir='ltr'>monasterii</span> <span class='ocrx_word' id='word_1_360' title='bbox 1341 4240 1474 4305; x_wconf 88' lang='lat' dir='ltr'>sive</span> <span class='ocrx_word' id='word_1_361' title='bbox 1514 4238 1840 4327; x_wconf 77' lang='lat' dir='ltr'>prioratus,</span> <span class='ocrx_word' id='word_1_362' title='bbox 1931 4239 2282 4305; x_wconf 89' lang='lat' dir='ltr'>Reddendo</span> <span class='ocrx_word' id='word_1_363' title='bbox 2326 4240 2475 4305; x_wconf 91' lang='lat' dir='ltr'>inde</span> <span class='ocrx_word' id='word_1_364' title='bbox 2526 4238 2848 4305; x_wconf 87' lang='lat' dir='ltr'>annuatim</span> <span class='ocrx_word' id='word_1_365' title='bbox 2901 4240 3070 4305; x_wconf 90' lang='lat' dir='ltr'>dicto</span> <span class='ocrx_word' id='word_1_366' title='bbox 3100 4239 3355 4305; x_wconf 90' lang='lat' dir='ltr'>domino</span> <span class='ocrx_word' id='word_1_367' title='bbox 3390 4241 3523 4329; x_wconf 88' lang='lat' dir='ltr'>regi</span> <span class='ocrx_word' id='word_1_368' title='bbox 3553 4242 3730 4307; x_wconf 90' lang='lat' dir='ltr'>here-</span> 
     </span>
     <span class='ocr_line' id='line_1_35' title="bbox 956 4346 3732 4435; baseline 0.002 -23"><span class='ocrx_word' id='word_1_369' title='bbox 956 4347 1140 4412; x_wconf 87' lang='lat' dir='ltr'>dibus</span> <span class='ocrx_word' id='word_1_370' title='bbox 1190 4360 1255 4411; x_wconf 89' lang='lat' dir='ltr'>et</span> <span class='ocrx_word' id='word_1_371' title='bbox 1297 4346 1748 4412; x_wconf 87' lang='lat' dir='ltr'>successoribus</span> <span class='ocrx_word' id='word_1_372' title='bbox 1791 4347 1916 4413; x_wconf 84' lang='lat' dir='ltr'>suis</span> <span class='ocrx_word' id='word_1_373' title='bbox 1967 4347 2222 4413; x_wconf 89' lang='lat' dir='ltr'>nomine</span> <span class='ocrx_word' id='word_1_374' title='bbox 2274 4372 2371 4412; x_wconf 83' lang='lat' dir='ltr'>xx</span> <span class='ocrx_word' id='word_1_375' title='bbox 2421 4347 2613 4435; x_wconf 90' lang='lat' dir='ltr'>partis</span> <span class='ocrx_word' id='word_1_376' title='bbox 2659 4362 2927 4434; x_wconf 87' lang='lat' dir='ltr'>quatuor</span> <span class='ocrx_word' id='word_1_377' title='bbox 2974 4348 3115 4413; x_wconf 90' lang='lat' dir='ltr'>libr.</span> <span class='ocrx_word' id='word_1_378' title='bbox 3147 4349 3246 4413; x_wconf 92' lang='lat' dir='ltr'>ob.</span> <span class='ocrx_word' id='word_1_379' title='bbox 3279 4374 3337 4434; x_wconf 85' lang='lat' dir='ltr'>q.</span> <span class='ocrx_word' id='word_1_380' title='bbox 3384 4348 3465 4414; x_wconf 90' lang='lat' dir='ltr'>ad</span> <span class='ocrx_word' id='word_1_381' title='bbox 3506 4349 3732 4417; x_wconf 86' lang='lat' dir='ltr'>festum</span> 
     </span>
     <span class='ocr_line' id='line_1_36' title="bbox 961 4450 3731 4539; baseline -0.001 -18"><span class='ocrx_word' id='word_1_382' title='bbox 961 4453 1175 4521; x_wconf 87' lang='lat' dir='ltr'>Sancti</span> <span class='ocrx_word' id='word_1_383' title='bbox 1197 4451 1527 4518; x_wconf 90' lang='lat' dir='ltr'>Michaelis</span> <span class='ocrx_word' id='word_1_384' title='bbox 1557 4452 1912 4539; x_wconf 87' lang='lat' dir='ltr'>archangeli</span> <span class='ocrx_word' id='word_1_385' title='bbox 1943 4465 2008 4517; x_wconf 91' lang='lat' dir='ltr'>et</span> <span class='ocrx_word' id='word_1_386' title='bbox 2049 4451 2277 4539; x_wconf 88' lang='lat' dir='ltr'>pasche</span> <span class='ocrx_word' id='word_1_387' title='bbox 2323 4476 2435 4539; x_wconf 90' lang='lat' dir='ltr'>per</span> <span class='ocrx_word' id='word_1_388' title='bbox 2484 4450 2733 4538; x_wconf 86' lang='lat' dir='ltr'>equales</span> <span class='ocrx_word' id='word_1_389' title='bbox 2778 4450 3103 4539; x_wconf 89' lang='lat' dir='ltr'>porciones</span> <span class='ocrx_word' id='word_1_390' title='bbox 3148 4466 3336 4539; x_wconf 90' lang='lat' dir='ltr'>prout</span> <span class='ocrx_word' id='word_1_391' title='bbox 3383 4453 3452 4517; x_wconf 90' lang='lat' dir='ltr'>in</span> <span class='ocrx_word' id='word_1_392' title='bbox 3498 4454 3731 4520; x_wconf 90' lang='lat' dir='ltr'>eisdem</span> 
     </span>
    </p>
   </div>
   <div class='ocr_carea' id='block_1_3' title="bbox 3512 4560 3733 4630">
    <p class='ocr_par' dir='ltr' id='par_1_3' title="bbox 3512 4560 3733 4630">
     <span class='ocr_line' id='line_1_37' title="bbox 3512 4560 3733 4630; baseline 0.023 -5"><span class='ocrx_word' id='word_1_393' title='bbox 3512 4560 3733 4630; x_wconf 88' lang='lat' dir='ltr'>litteris</span> 
     </span>
    </p>
   </div>
   <div class='ocr_carea' id='block_1_4' title="bbox 4273 2816 4288 3897">
    <p class='ocr_par' dir='ltr' id='par_1_4' title="bbox 4273 2816 4288 3897">
     <span class='ocr_line' id='line_1_38' title="bbox 4273 2816 4288 3897; baseline 0 0"><span class='ocrx_word' id='word_1_394' title='bbox 4273 2816 4288 3897; x_wconf 95' lang='lat' dir='ltr'> </span> 
     </span>
    </p>
   </div>
   <div class='ocr_carea' id='block_1_5' title="bbox 4268 2816 4289 4378">
    <p class='ocr_par' dir='ltr' id='par_1_5' title="bbox 4268 2816 4289 4378">
     <span class='ocr_line' id='line_1_39' title="bbox 4268 2816 4289 4378; baseline 0 0"><span class='ocrx_word' id='word_1_395' title='bbox 4268 2816 4289 4378; x_wconf 95' lang='lat' dir='ltr'> </span> 
     </span>
    </p>
   </div>
  </div>
 </body>
</html>
