4295 5410
1941 666 2068 715 101

613 818 794 884 diant
819 820 886 885 in
917 820 1088 886 omni
1117 822 1388 911 regulari
1416 822 1652 889 ordinis
1679 822 2081 892 institucione
2107 836 2177 891 et
2206 827 2507 916 diciplina
2550 866 2565 881 ·
2600 829 2693 896 Ut
2720 842 2927 897 autem
2958 832 3073 900 hec
3102 838 3401 927 regularis

611 938 821 991 nostra
845 926 1168 993 institucio
1189 926 1426 993 stabilis
1447 940 1514 993 et
1531 926 1900 993 inconvulsa
1919 944 2281 1017 permaneat
2298 946 2650 1019 presentem
2674 935 2967 1023 paginam
2989 938 3180 1027 sigilli
3202 943 3395 1008 nostri

611 1029 958 1096 munimine
988 1030 1540 1097 corroboravimus.
1616 1030 1762 1095 Hiis
1793 1031 2088 1099 Testibus
2115 1050 2235 1100 etc.

1889 1290 2109 1362 XVI.

611 1478 721 1552 OEx
747 1480 1201 1571 antiquissimu
1229 1478 1436 1553 etum
1459 1475 1730 1551 Buhlin
1755 1476 2066 1567 maimo
2092 1474 2381 1569 &trist-³.
2428 1475 2574 1577 [Be
2601 1479 2895 1555 Qssttltsia
2918 1483 2991 1553 tce
3013 1478 3380 1580 OEatbtotn]

1652 1595 1774 1674 al.
1809 1598 1984 1687 3322.
2022 1595 2131 1670 fol.
2180 1620 2334 1694 143.
2994 1592 3000 1599 ’

738 1781 914 1869 Uper
969 1780 1232 1847 ecclesia
1279 1779 1619 1868 parochiali
1677 1778 1758 1845 de
1807 1779 2106 1845 Tathtow
2156 1778 2227 1843 in
2277 1779 2583 1846 decanatu
2640 1782 2723 1847 de
2782 1781 2961 1849 Saltu
3022 1785 3388 1851 Salmonum

781 1888 960 1971 (olim
988 1886 1152 1972 juris
1178 1898 1539 1973 patronatus
1567 1884 1712 1951 laici
1741 1884 1904 1950 infra
1932 1884 2173 1973 script.)
2262 1885 2465 1951 Lucas
2506 1887 2916 1955 miseracione
2956 1889 3174 1956 divina
3205 1892 3385 1957 Dub-

603 1993 696 2059 lin
723 1993 1253 2081 Archiepiscopus
1299 1990 1514 2057 divine
1552 1990 1802 2078 pietatis
1845 1990 2083 2056 intuitu
2134 2004 2200 2056 et
2236 2014 2404 2058 sacre
2449 1993 2769 2082 religionis
2816 1998 3079 2063 obtentu
3116 1998 3195 2064 de
3238 2025 3388 2065 con-

603 2124 785 2167 sensu
814 2100 1232 2188 capitulorum
1257 2112 1610 2164 nostrorum
1643 2098 1870 2164 Sancte
1889 2098 2221 2163 Trinitatis
2249 2112 2315 2164 et
2346 2098 2561 2165 Sancti
2583 2101 2845 2167 Patricii
2862 2103 3108 2169 Dublin
3138 2106 3217 2171 ad
3245 2130 3385 2195 pre-

602 2207 1021 2271 sentacionem
1057 2204 1286 2270 nobilis
1321 2202 1444 2268 viri
1482 2202 1722 2268 domini
1752 2202 2038 2267 Mauritii
2069 2203 2222 2268 Filii
2252 2204 2512 2270 Geroldi
2552 2206 2620 2270 in
2657 2232 2881 2295 puram
2922 2224 2988 2276 et
3018 2228 3385 2301 perpetuam

601 2311 988 2378 elimosinam
1019 2348 1036 2363 ·
1067 2323 1297 2376 statum
1345 2308 1541 2397 ipsius
1587 2308 1906 2375 alterando
1948 2346 1961 2359 ·
2005 2310 2322 2379 autentico
2362 2311 2591 2399 scripto
2632 2312 2913 2380 Ecclesie
2962 2315 3383 2385 Conventuali

603 2419 699 2483 sui
728 2430 1087 2506 patronatus
1117 2415 1422 2481 Omnium
1457 2414 1826 2481 Sanctorum
1857 2415 2049 2500 juxta
2079 2415 2342 2481 Dublin.
2375 2430 2441 2481 et
2477 2418 2793 2483 canonicis
2822 2419 3060 2486 ibidem
3090 2422 3231 2489 Deo
3260 2448 3385 2489 ser-

601 2523 918 2589 vientibus
947 2545 1286 2607 eorumque
1315 2520 1766 2587 successoribus
1788 2518 2138 2586 Ecclesiam
2169 2520 2469 2608 prefatam
2498 2522 2567 2586 in
2595 2523 2877 2615 proprios
2904 2550 3051 2591 usus
3073 2525 3141 2591 in
3162 2551 3382 2616 perpe-

603 2645 782 2697 tuum
812 2630 1094 2697 contulit.
1160 2630 1348 2695 Salvo
1375 2629 1556 2695 nobis
1585 2642 1649 2695 et
1677 2628 2130 2695 successoribus
2169 2629 2394 2694 nostris
2424 2640 2481 2693 el
2512 2642 2741 2695 cetera.
2804 2630 2994 2697 Unde
3020 2633 3385 2699 mandatum

603 2755 696 2806 est
711 2740 1180 2806 Archidiacono
1201 2738 1607 2804 Glindacensi
1641 2776 1654 2789 ·
1687 2737 1992 2826 Magistro
2011 2737 2339 2803 Willelmo
2370 2737 2605 2803 Culum
2638 2777 2651 2789 ·
2684 2753 2989 2825 quatenus
3019 2740 3217 2808 dictos
3246 2742 3387 2807 Pri-

601 2871 770 2911 orem
800 2860 866 2911 et
893 2846 1221 2912 canonicos
1250 2846 1318 2910 in
1347 2844 1728 2933 corporalem
1757 2843 2205 2932 possessionem
2232 2843 2429 2932 ipsius
2458 2844 2715 2910 ecclesie
2744 2844 3003 2912 inducat
3032 2859 3093 2912 et
3123 2860 3351 2913 cetera.

1863 3117 2121 3190 XVII.

904 3309 1160 3382 emutio
1195 3325 1382 3398 ευριπ
1415 3303 1831 3397 apptllatione
1867 3304 1934 3376 in
1971 3320 2171 3376 tunsa
2206 3301 2500 3376 tuitionis
2535 3306 2813 3394 ausuum
2849 3305 3105 3379 tttltsit.

1656 3426 1775 3501 al.
1811 3428 1984 3516 ³322„
2024 3424 2132 3498 fol.
2182 3449 2339 3522 143.

784 3613 1058 3681 Fficialis
1097 3611 1360 3677 Dublin.
1420 3611 1464 3676 J
1465 3609 1696 3675 ohanni
1729 3609 1806 3674 de
1835 3607 2129 3674 Ardscoll
2171 3608 2514 3694 presbitero
2550 3605 2831 3672 salutem.
2920 3608 3082 3674 Cum
3114 3611 3297 3676 Prior
3326 3627 3389 3678 et

826 3735 1169 3788 conventus
1179 3717 1482 3784 Omnium
1498 3716 1868 3782 Sanctorum
1880 3715 2071 3801 juxta
2091 3712 2337 3777 Dublin
2362 3751 2377 3764 ·
2398 3715 2479 3778 ob
2502 3725 2669 3777 certa
2696 3715 3059 3800 gravamina
3087 3718 3165 3782 ab
3188 3719 3389 3783 archi-

607 3831 868 3896 diacono
900 3824 1351 3893 Glindilacensi
1382 3822 1572 3888 vestri
1611 3821 1931 3888 occasione
1973 3820 2053 3885 ad
2077 3819 2426 3885 Romanam
2458 3818 2715 3884 Curiam
2757 3818 2989 3884 directe
3027 3821 3394 3907 appellasset

607 3952 671 4002 et
693 3937 773 4001 ad
795 3934 1124 4001 officialem
1153 3931 1322 3998 curie
1346 3928 1717 4016 Principalis
1737 3926 1999 3992 Dublin.
2030 3924 2318 3990 similiter
2338 3924 2591 3990 tuitorie
2614 3935 2673 3988 et
2695 3935 2924 3988 cetera.
2966 3923 3391 4012 Compar-eatis

608 4043 676 4106 in
706 4039 972 4106 crastino
1001 4035 1420 4124 apostolorum
1454 4031 1726 4098 Simonis
1755 4045 1819 4096 et
1845 4030 1889 4095 J
1889 4030 2014 4095 ude
2045 4040 2107 4093 et
2130 4041 2361 4094 cetera.
2419 4029 2589 4095 Acta
2616 4041 2762 4094 sunt
2788 4029 2857 4093 in
2886 4029 3145 4096 ecclesia
3178 4031 3392 4097 Sancti

607 4145 867 4213 Patricii
897 4143 1159 4208 Dublin.
1188 4142 1258 4206 in
1288 4139 1553 4206 crastino
1598 4138 1812 4204 Sancti
1841 4136 2135 4203 Nicholai
2166 4161 2330 4202 anno
2361 4135 2624 4201 Domini
2654 4136 2985 4202 millesimo
3014 4137 3390 4224 cclxxvijmv.

610 4278 818 4323 coram
840 4247 1102 4317 officiale
1125 4247 1388 4315 Dublin.
1422 4247 1595 4329 (sede
1618 4249 1908 4331 vacante)
1929 4245 1999 4310 in
2019 4244 2314 4312 tuicionis
2338 4245 2591 4333 negotio
2614 4281 2629 4295 ·
2655 4244 2823 4330 quod
2843 4244 3007 4310 inter
3025 4245 3309 4310 Priorem
3331 4261 3397 4312 et

610 4374 992 4427 conventum
1015 4356 1320 4422 Omnium
1344 4354 1714 4420 Sanctorum
1733 4351 1995 4418 Dublin.
2020 4376 2105 4417 ex
2128 4365 2305 4440 parte
2325 4376 2454 4417 una
2475 4389 2489 4402 ·
2510 4365 2574 4416 et
2582 4351 2937 4416 «Iohannem
2962 4351 3043 4416 de
3062 4351 3394 4419 Ardescoll

612 4466 1022 4555 presbiterum
1058 4484 1242 4548 super
1271 4458 1502 4524 vicaria
1530 4456 1786 4524 ecclesie
1817 4456 1895 4522 de
1928 4457 2205 4521 Tathtoo
2236 4457 2499 4522 vertitur
2528 4479 2615 4522 ex
2642 4471 2817 4545 parte
2847 4458 3038 4524 altera
3068 4496 3085 4510 ·
3116 4460 3395 4546 partibus

3324 4592 3392 4632 1n
