4295 5410
1819 764 2039 829 xxxix

1431 1523 2311 1698 :ADDENDA

545 1812 848 1991 THE
881 1816 1256 1917 following
1295 1818 1738 1909 documents,
1773 1822 2226 1895 transcribed
2268 1821 2453 1895 from
2488 1821 2611 1905 the
2648 1818 3069 1895 Recorder's
3104 1814 3315 1892 Book

788 1936 872 2011 of
893 1937 1016 2012 the
1059 1939 1229 2039 City
1256 1940 1340 2014 of
1363 1943 1660 2029 Dublin,
1682 1943 1783 2043 by
1813 1945 1940 2016 Dr.
1972 1944 2275 2039 Aquilla
2312 1942 2566 2027 Smith,
2603 1942 2728 2016 did
2762 1954 2891 2015 not
2924 1964 3126 2014 come
3160 1938 3314 2010 into

547 2054 670 2129 the
713 2057 948 2132 hands
984 2060 1068 2133 of
1075 2060 1214 2167 :the
1263 2062 1522 2137 Editor
1554 2066 1743 2138 until
1776 2065 1900 2139 the
1953 2065 2091 2138 last
2125 2064 2329 2139 sheet
2364 2062 2449 2137 of
2470 2064 2593 2137 the
2631 2060 3133 2137 Introduction
3167 2079 3313 2128 was

545 2178 836 2277 passing
868 2178 1181 2279 through
1219 2180 1342 2256 the
1375 2184 1608 2257 PresS.

1901 2482 1956 2548 1.

1173 2655 1712 2757 [esxtmpufitatfo
1749 2660 2108 2735 &attatum
2140 2663 2213 2734 ut
2246 2654 2714 2756 nummatus]

649 2869 715 2936 N
744 2871 848 2937 dei
879 2870 1134 2937 nomine
1163 2895 1364 2939 amen.
1452 2874 1576 2940 Per
1603 2897 1854 2962 presens
1881 2873 2207 2968 publicum
2228 2873 2711 2938 instrumentum
2740 2868 2983 2936 cunctis
3022 2879 3316 2956 appareat

723 2969 1049 3056 evidenter
1078 2975 1250 3061 quod
1293 2999 1458 3041 anno
1501 2976 1740 3042 domini
1771 2979 1850 3044 ab
1895 2975 2331 3043 incarnacione
2375 2975 2657 3062 ejusdem
2678 2973 3023 3040 secundum
3066 2993 3315 3037 cursum

549 3093 614 3143 et
653 3078 1192 3166 computacionem
1232 3079 1488 3146 ecclesie
1516 3079 1872 3168 Anglicane
1914 3094 1980 3146 et
2007 3077 2435 3168 Hibernicane
2478 3077 2837 3142 millessimo
2868 3073 3317 3142 tricentessimo

551 3182 1067 3272 quinquagesimo
1111 3184 1376 3272 septimo
1406 3184 1772 3252 Indiccione
1813 3185 2150 3251 undecima
2194 3183 2423 3250 mensis
2470 3182 2843 3249 Decembris
2900 3181 3003 3246 die
3054 3179 3317 3268 septima

549 3287 946 3376 pontificatus
987 3288 1356 3354 sanctissimi
1401 3289 1470 3354 in
1501 3291 1754 3356 Christo
1804 3290 1998 3379 patris
2039 3315 2112 3356 ac
2154 3290 2395 3356 domini
2434 3291 2629 3356 nostri
2679 3289 2919 3355 domini
2950 3290 3317 3356 Innocencii

549 3393 766 3458 divina
806 3393 1210 3481 providencia
1256 3418 1418 3483 pape
1447 3395 1612 3460 sexti
1641 3419 1806 3461 anno
1845 3394 2066 3482 quinto
2103 3418 2313 3460 coram
2362 3394 2703 3461 reverende
2752 3394 3153 3461 discrecionis
3180 3393 3317 3460 viro

547 3499 804 3566 domino
833 3499 1082 3567 officiali
1111 3501 1300 3568 curie.
1357 3501 1791 3569 Dubliniensis
1813 3503 1880 3568 in
1907 3502 2170 3570 ecclesia
2196 3502 2539 3569 cathedrali
2560 3501 2775 3568 Sancti
2796 3501 3054 3569 Patricii
3073 3501 3319 3567 Dublin

545 3603 614 3670 in
643 3606 782 3672 loco
823 3605 936 3671 ubi
976 3605 1408 3673 consistorium
1450 3607 1774 3695 publicum
1823 3619 2072 3674 tenetur
2091 3605 2480 3694 judicialiter
2506 3605 2781 3670 sedente.
2868 3605 2949 3670 In
2996 3605 3319 3694 presencia

548 3712 674 3777 mei
724 3711 952 3778 notarii
1009 3714 1247 3801 publici
1296 3713 1675 3802 infrascripti
1724 3727 1790 3780 et
1835 3715 2088 3780 testium
2137 3711 2593 3806 obscriptorum
2652 3711 2733 3777 ad
2790 3710 2911 3775 hoc
2954 3722 3317 3776 vocatorum

551 3829 616 3880 et
642 3831 1000 3905 rogatorum
1028 3840 1391 3904 comparens
1419 3817 1744 3906 religiosus
1771 3817 1870 3883 vir
1909 3818 2101 3883 frater
2126 3818 2353 3882 Petrus
2381 3817 2599 3904 Begge
2628 3813 2963 3881 canonicus
2992 3827 3059 3880 et
3085 3815 3317 3902 profes-

550 3943 652 3984 sus
679 3921 900 3986 domus
930 3920 1235 3985 Omnium
1277 3920 1649 3986 Sanctorum
1684 3921 1876 4007 juxta
1905 3921 2157 3988 Dublin
2189 3920 2625 3988 Dubliniensis
2668 3921 2929 3986 diocesis
2956 3937 3318 4009 procurator

551 4027 980 4116 religiosorum
1007 4027 1285 4094 virorum
1306 4028 1530 4116 prioris
1557 4041 1623 4094 et
1649 4041 1992 4095 conventus
2034 4029 2317 4118 predicte
2346 4028 2567 4094 domus
2597 4027 2901 4092 Omnium
2948 4027 3317 4093 Sanctorum

547 4155 660 4220 per
687 4134 935 4200 eosdem
965 4133 1302 4200 literatorie
1340 4134 1713 4200 constitutus
1735 4158 1750 4173 ·
1783 4136 1863 4202 de
1891 4137 2072 4224 cujus
2113 4135 2541 4226 procuratorio
2568 4133 2775 4223 sigillo
2820 4132 3163 4200 eorundem
3190 4132 3317 4221 pri-

549 4239 670 4304 oris
714 4253 780 4305 et
821 4253 1166 4306 conventus
1206 4240 1526 4307 communi
1576 4242 1736 4307 bene
1783 4241 1944 4306 mihi
1987 4241 2229 4308 notario
2280 4253 2429 4306 noto
2472 4239 2835 4328 consignato
2878 4240 3199 4305 constabat
3240 4239 3320 4305 ad

545 4345 804 4433 plenum
834 4369 847 4381 ·
881 4345 1178 4432 quasdam
1207 4346 1441 4412 litteras
1467 4371 1596 4412 non
1640 4371 1802 4414 rasas
1845 4373 1974 4414 non
2016 4349 2277 4416 abolitas
2318 4371 2446 4413 non
2476 4347 2844 4414 cancellatas
2874 4371 2989 4412 nec
3016 4347 3085 4413 in
3116 4346 3323 4434 aliqua

545 4451 641 4516 sui
669 4465 842 4540 parte
872 4451 1128 4520 viciatas
1157 4477 1344 4543 super
1371 4454 1762 4522 assecucione
1790 4455 2048 4524 ecclesie
2078 4457 2158 4523 de
2190 4455 2653 4523 Rathmacneth
2682 4455 3013 4522 Feruensis
3042 4455 3317 4521 diocesis.

3128 4584 3317 4625 unam
